2930 4992
144 1761 237 1880 luter
258 1812 380 1902 linguas
404 1809 601 1899 japhetiticas
630 1809 768 1878 familiae
792 1810 913 1900 aliquot
940 1808 1152 1877 secernendae
1178 1819 1252 1874 sunt

147 1916 271 1983 arctiori
299 1916 380 1981 inter
407 1937 442 1980 sc
466 1915 654 2003 cognatione
676 1913 791 2003 ligatae
814 1916 972 2001 certisque
994 1912 1117 2000 legibus
1140 1936 1158 1975 a
1180 1909 1251 1976 reli·

144 2020 216 2107 quls
245 2019 388 2084 diversae
418 2041 554 2104 quarum
581 2041 677 2080 unam
705 2016 798 2079 huius
825 2015 921 2077 libelli
951 2023 1171 2100 argumentum
1197 2013 1251 2076 ari·

147 2143 218 2184 cam
243 2117 451 2204 appellamus,
474 2120 575 2205 quum
598 2115 707 2203 populi
731 2119 767 2180 ed
790 2115 838 2179 usi
861 2113 986 2179 sibimet
1008 2113 1084 2202 ipsis
1107 2111 1251 2178 Ariorum

146 2243 264 2286 nomen
292 2219 468 2299 indiderint,
499 2219 584 2306 quod
612 2216 810 2306 temporibus
833 2215 950 2282 vedieis
974 2215 1070 2282 etiam
1092 2217 1188 2280 Indos
1211 2217 1251 2281 l-

145 2323 228 2390 elasa
257 2321 375 2388 seimus
402 2321 540 2386 familiae
568 2321 670 2387 aricae
698 2320 825 2410 proprie
854 2323 901 2386 sic
929 2323 1033 2386 dietae
1055 2341 1119 2384 non
1142 2341 1251 2384 aecen-

145 2426 272 2493 sendos.
301 2424 340 2490 de
363 2423 468 2490 Persis
491 2422 684 2511 Osethisque
712 2423 744 2488 in
772 2424 885 2511 vulgus
913 2434 1024 2488 notum
1053 2445 1110 2488 eos
1140 2433 1251 2486 terram

144 2551 234 2593 suam
263 2527 335 2592 Irdn
364 2535 396 2592 et
424 2527 454 2591 Ir
481 2549 606 2607 vocare,
634 2527 673 2591 de
701 2526 815 2591 ceteris
843 2525 988 2614 gentibus
1014 2524 1089 2589 huic
1116 2522 1252 2588 familiae

146 2628 389 2695 adnumerandis
411 2651 477 2693 non
500 2651 627 2718 semper
649 2629 734 2695 idem
756 2627 891 2715 probare
915 2649 1093 2714 possumus,
1115 2626 1172 2691 sed
1182 2625 1253 2690 Ari·

146 2753 217 2797 mos
238 2731 394 2796 habemus
416 2730 449 2794 in
471 2729 573 2819 Mysia
593 2743 674 2797 teste
697 2729 855 2797 Strabone
877 2729 964 2808 XIII,
986 2730 1016 2793 lt.
1034 2731 1065 2794 6.
1089 2739 1122 2794 et
1142 2727 1252 2806 Ensis

146 2831 213 2900 tbio
241 2829 277 2897 ll.
300 2832 338 2909 II,
360 2833 441 2898 782:
474 2831 611 2899 Thracia
633 2832 706 2899 Aria
729 2833 893 2898 dicebatur
915 2833 956 2897 ab
978 2831 1090 2897 incolis
1123 2841 1253 2898 auctore

146 2933 311 3019 Stephano
324 2932 495 3020 byzaudno
509 2955 534 2997 s.
545 2957 576 2998 v.
600 2929 718 3012 Θρᾴκη.
730 2935 922 3022 Scytharum
938 2957 1056 3000 nomen
1069 2931 1254 3026 geographi·

146 3058 221 3102 curn
236 3057 302 3100 non
319 3033 610 3121 ethnographicum,
624 3035 781 3102 utomnia
804 3035 961 3102 vocobuln
983 3061 1000 3101 a
1023 3059 1076 3101 me
1090 3035 1169 3101 infra
1191 3035 1255 3105 eol-

144 3139 226 3204 lecta
239 3137 278 3202 ad
294 3135 410 3203 an'cam
420 3136 472 3202 vel
485 3137 525 3202 ad
539 3137 753 3228 japhetiticanr
763 3148 886 3204 tanturn
904 3137 1055 3204 lamiliam
1066 3137 1184 3204 referre
1194 3161 1255 3203 nec
1289 3193 1299 3206 ,

146 3239 360 3306 necessarium
383 3263 443 3304 nec
466 3253 715 3308 consentaneum
743 3242 895 3308 videatur.
927 3241 966 3307 de
996 3252 1175 3308 ceterorum
1204 3264 1255 3306 co·

147 3345 295 3433 gnatione
324 3341 478 3408 hebernus
499 3343 679 3409 testimonia
708 3343 791 3410 inter
818 3343 879 3410 alia
908 3343 1003 3410 haec:
1031 3345 1071 3409 de
1098 3341 1256 3410 Armeniis

145 3446 301 3511 Herodoti
325 3445 394 3524 vll,
417 3448 459 3512 73
481 3441 632 3528 Ἀρμένιοι
656 3446 790 3530 Φρυγῶν
811 3442 936 3508 ἄποικοι
963 3457 996 3510 et
1015 3443 1145 3510 Eudoxi
1172 3445 1256 3532 apud

150 3546 354 3612 Eustathium
382 3545 514 3637 Dionys.
545 3548 620 3614 694.
651 3561 829 3615 servatum:
871 3543 1024 3629 Ἀρμένιοι
1050 3540 1084 3610 al>
1107 3543 1198 3631 γένος
1221 3547 1257 3610 ἐκ

148 3643 290 3732 Φρυγίας
308 3643 364 3710 καὶ
378 3648 416 3732 τῇ
426 3647 516 3733 φωνῇ
526 3645 627 3712 πολλοὶ
638 3647 849 3735 φρυγίζουσιν
863 3689 907 3699 -
922 3650 962 3715 de
978 3649 1155 3741 Phrygibus
1171 3651 1256 3718 Stra.
1324 3727 1328 3732 Ι

147 3752 240 3818 bonis
263 3751 304 3832 X,
329 3752 360 3818 3.
386 3754 427 3820 16
450 3751 480 3814 οἱ
502 3747 622 3838 Φρύγες
644 3756 780 3838 Θρᾳκῶν
808 3745 935 3818 ὄίποικοί
959 3752 1020 3814 εἰσι
1048 3754 1170 3820 collatis
1196 3754 1257 3818 He-

147 3856 254 3922 rodoti
277 3855 382 3921 verbis
399 3856 468 3936 Vll,
487 3858 530 3924 73
559 3857 589 3920 ol
617 3852 736 3943 Φρύγες
758 3857 800 3933 ὡς
822 3849 1007 3929 Μακεδόνες
1033 3853 1163 3938 λέγουσι
1187 3853 1257 3918 εἰια·

148 3956 254 4020 λέοντα
282 3953 389 4042 Βρίγες
416 3950 534 4041 χρόνον
562 3952 640 4022 ὅσον
656 3972 658 3976 ’
674 3955 836 4044 emanator
871 3954 971 4033 ε’όνεες
1005 3953 1146 4020 σύνοικοι
1179 3949 1259 4020 ἕσαν

150 4052 325 4142 Μακεδόσι,
353 4053 545 4144 μεταβάντες
570 4057 607 4126 dl
631 4061 662 4136 ἒς
682 4059 738 4141 τὴν
758 4060 865 4142 Ἀσίην
886 4055 957 4146 ἅμα
978 4060 1015 4142 τῇ
1036 4054 1124 4144 χώρῃ
1146 4055 1202 4124 καί
1224 4055 1260 4124 ed

149 4150 252 4242 daona
274 4159 450 4244 μετέβαλον
477 4161 508 4238 ἐς
532 4156 659 4248 Φρύγας
676 4205 716 4214 -
734 4165 773 4232 de
790 4164 925 4231 Caribus
942 4162 1039 4252 Lydis
1051 4164 1150 4252 lllysis
1162 4165 1259 4231 Hero-

1020 4271 1059 4331 1ο
