2930 4992
672 349 715 416 33

141 524 320 620 ἆιβρῶπων
341 528 432 618 βεκός
444 557 473 598 ra
487 529 649 600 καλέουσι.
672 525 914 615 mancipetur,-
927 525 964 596 δὲ
978 524 1106 618 εῧρεακε
1123 535 1250 624 Φρύγας

140 635 314 712 καλέοντας
333 631 388 702 cdv
413 625 518 722 ἄρτου.
545 659 588 704 ex
614 636 781 704 Herodoto
807 635 981 704 hausemut
1010 635 1146 709 Taetaes
1174 643 1250 718 chii.

140 743 196 823 IV,
218 741 283 810 786
306 753 340 809 ct
360 741 463 812 schol.
492 741 641 832 Apollon.
663 739 755 808 rhod
777 739 832 822 lv,
862 737 937 807 262.
968 739 1111 811 adhibuit
1134 769 1248 818 vocem

141 847 314 936 Hipponax
336 844 486 912 Straboni
506 843 589 928 vlu,
611 846 643 912 3.
666 845 687 912 8
714 844 876 911 laudatus:
909 838 1055 928 Κυπρίων
1075 843 1168 929 βίαιος
1189 849 1249 932 φά.

140 973 238 1034 γουσι
259 941 317 1012 καὶ
336 943 562 1030 Ἀμαθουσίων
582 940 690 1032 ntiqdv.
713 947 891 1038 Hesychius
913 940 1006 1028 βεκὸς
1027 939 1119 1032 ἄρτος
1143 942 1249 1036 ideq-

126 1079 193 1142 roc
219 1045 387 1136 Φρύγα-οι
401 1075 479 1120 mox
500 1045 591 1134 peric
613 1045 750 1130 ἀνόητος.
774 1051 838 1118 iate
861 1050 972 1118 diffusa
994 1053 1085 1120 radix
1110 1065 1178 1144 pat,
1201 1083 1246 1147 gr.

141 1153 281 1235 risseio,
303 1178 350 1222 os.
365 1150 462 1238 ha'i'rn,
486 1179 534 1248 ps.
548 1157 673 1246 puhtan
686 1147 791 1236 (ἕψειν
804 1183 843 1214 :z
861 1177 940 1221 arm.
953 1153 1025 1244 epe}
1048 1159 1087 1224 ad
1105 1181 1163 1248 sap
1186 1153 1249 1224 ἔπε-

142 1271 225 1332 σῂαι
246 1258 365 1342 refero,
392 1283 533 1350 quocum
555 1261 669 1327 eadem
690 1259 812 1327 ratione
835 1259 1070 1350 cohaeretque
1091 1263 1149 1344 has
1173 1287 1250 1340 mox

141 1361 371 1430 nominandum
386 1385 463 1430 cunr
478 1371 543 1430 sac.
566 1363 608 1430 ci.
631 1363 680 1430 sh.
702 1359 800 1453 πέζα
823 1365 964 1452 paratus)
980 1385 1058 1430 arm.
1078 1365 1139 1446 hai
1157 1368 1247 1456 panis

142 1489 217 1532 esca
241 1466 298 1530 sed
320 1463 453 1546 hasanel
474 1465 582 1532 venire
605 1467 741 1556 assequi,
761 1467 865 1546 hasov
887 1466 1057 1534 adveniens
1072 1467 1249 1558 intelligens

142 1571 363 1657 (assequutus)
390 1569 509 1658 aliquid
531 1570 684 1660 perficere
706 1567 829 1649 valens,
856 1566 957 1650 hasak
987 1591 1100 1636 aevum
1123 1581 1250 1662 tempus

141 1671 202 1756 (sic
225 1671 370 1738 secudum
392 1667 413 1738 a'
438 1673 602 1763 sequendo
634 1673 766 1758 dictum)
798 1672 840 1737 u'd
866 1671 1006 1739 radicem
1029 1680 1084 1740 sat
1106 1675 1248 1742 redeunt.

141 1775 201 1857 has
223 1774 379 1842 adventus
402 1773 575 1858 maturitas,
598 1799 676 1844 nam
698 1785 912 1844 maturescere
934 1787 983 1844 est
1004 1775 1101 1844 finem
1123 1779 1250 1869 assequi

141 1889 176 1944 et
197 1878 311 1968 ipsum.

234 1981 285 2049 14.
330 1981 522 2070 Hesychius:
560 1975 745 2067 βερεκῦνδαι
778 1977 929 2064 δαίμονες
958 1981 988 2044 οἱ
1016 1975 1144 2065 Φρύγες.
1181 1985 1250 2074 lege

141 2098 227 2169 βρεκ.
262 2086 350 2174 quod
372 2083 470 2151 series
493 2086 665 2152 verborum
685 2083 792 2174 erigit.
818 2094 911 2150 anteo
932 2084 1034 2150 idern:
1067 2079 1250 2168 βερεκύνδαι

141 2184 292 2272 δαίμονές
324 2211 403 2260 τινες
434 2182 490 2251 καὶ
523 2183 643 2271 ῥόμβοι.
675 2209 758 2278 pers.
794 2183 952 2277 hargaddn
984 2187 1036 2254 vel
1070 2189 1251 2278 barganddn

141 2303 273 2360 auctore
286 2291 468 2360 Meuiuskio
492 2290 694 2358 bacchanalia
716 2300 844 2381 ternpus
866 2290 1005 2359 laetitiae
1026 2302 1059 2358 et
1073 2289 1251 2360 festivitatis

141 2407 214 2464 ante
229 2396 388 2488 'jejunium
410 2417 468 2462 seu
494 2395 556 2463 illis
584 2406 657 2463 ante
678 2415 824 2462 mensem
846 2399 1004 2482 ramesen.
1034 2406 1249 2484 cognatumne

140 2523 219 2568 arm.
241 2497 372 2568 berkrel
395 2500 593 2596 exhilararet
625 2499 675 2566 ad
699 2498 828 2587 binga,
862 2499 910 2566 sk.
939 2497 1054 2589 bargas
1087 2499 1250 2589 splendor.

141 2627 243 2694 quum
268 2601 481 2692 Berecynthia
515 2597 603 2692 apud
630 2601 772 2692 Phrygas
800 2602 916 2669 eodem
943 2601 1038 2690 plene
1069 2603 1132 2670 n'tu
1165 2605 1252 2670 culta

140 2706 183 2773 sit
216 2729 280 2795 quo
316 2707 401 2794 apud
436 2705 614 2772 Germanos
647 2704 804 2787 Nerthus‚
838 2705 915 2794 quid
943 2704 971 2770 si
1002 2727 1076 2771 cum
1114 2705 1251 2796 Fidrgyn

142 2807 243 2874 'lhdri
273 2817 375 2874 matre
397 2831 665 2900 componeremus
687 2831 770 2900 quae
798 2818 831 2875 et
851 2807 921 2897 ipsa
947 2818 1030 2875 terra
1057 2809 1126 2884 est?
1150 2808 1251 2876 littua·

143 2909 214 2978 nice
246 2909 458 2978 Perkunatete
480 2922 583 2976 mater
615 2923 666 2978 est
696 2908 836 2976 fulminis
868 2921 965 2998 atque
999 2911 1134 2977 tonitrus
1168 2936 1251 3002 quae

141 3013 245 3080 solem
269 3010 390 3078 fessum
406 3035 444 3078 ac
466 3011 724 3102 pulverrdentum
739 3011 856 3080 balneo
871 3013 998 3102 excipit,
1021 3011 1134 3080 deinde
1149 3013 1252 3082 lotum
1284 3089 1287 3094 ,

141 3129 174 3184 et
196 3115 332 3182 nitidum
354 3126 482 3204 postera
505 3113 556 3183 die
571 3115 687 3192 emittit
703 3115 815 3183 Issico
831 3113 885 3184 47.
908 3141 926 3183 a
944 3115 1058 3186 Gothis
1080 3127 1252 3186 transsum-

141 3229 235 3310 ptum
263 3219 425 3286 crederem
456 3220 498 3287 oh
525 3230 655 3287 tenuem
677 3220 724 3287 P.·
737 3254 780 3271 -
804 3219 970 3286 alliterotio
997 3220 1031 3287 in
1059 3217 1164 3305 Βρίγες
1187 3223 1253 3308 (lii,

145 3323 199 3408 13)
222 3331 254 3388 eh
275 3316 461 3406 Βερεκύνδαι
483 3321 565 3389 sicut
586 3323 619 3388 in
641 3322 801 3414 Fiiirgynn
824 3334 857 3390 et
878 3322 981 3414 Hrigg.

233 3428 285 3492 15.
330 3425 525 3514 Hesychius}
547 3421 743 3510 βρικῖσματα
764 3415 896 3511 ὄρχησις
917 3419 1087 3512 φρυγιακῆ.

235 3529 286 3592 16.
322 3525 516 3614 Hesychius:
538 3521 637 3610 γάνος
657 3521 847 3612 παράδεισος
867 3521 982 3612 χάρμα
1003 3529 1068 3612 φῶς
1084 3523 1169 3614 αὐγὴ
1184 3533 1252 3593 λευ-

143 3621 235 3707 κότης
256 3619 429 3710 λαμπηδὼν
449 3622 545 3707 idm&
566 3622 621 3692 seori
643 3626 662 3708 ἡ
684 3623 783 3694 darec
804 3623 866 3696 terh
881 3619 1014 3718 Φραγὸν
1027 3627 1083 3697 καὶ
1098 3635 1251 3705 Βιθυνῶν.

233 3731 285 3797 17.
330 3725 524 3821 Hesychius:
560 3728 695 3817 γε’λαρος
715 3733 857 3815 ἀδελφοῦ
877 3729 970 3820 γιαή.
1005 3737 1163 3824 explicare
1186 3757 1252 3800 non

141 3857 290 3924 possum,
317 3833 376 3900 sed
408 3833 441 3900 in
473 3834 702 3926 imperitiorum
729 3839 862 3929 gratiam
896 3839 979 3906 addo
1008 3861 1090 3927 quoe
1117 3843 1253 3922 cognata

141 3937 240 4004 videri
256 3947 403 4028 possent,
424 3937 485 4006 sed
507 3960 573 4004 non
595 3951 679 4008 sunt.
702 3965 799 4030 germ.
822 3941 905 4034 gella
927 3939 1124 4011 concubina,
1151 3935 1256 4023 gellus

142 4039 221 4105 levir
242 4063 354 4130 graece
382 4064 442 4132 per
463 4063 489 4118 κ
510 4039 699 4133 inciperent,
722 4065 821 4134 quare
842 4037 950 4128 pri-²10⁶
972 4052 1006 4108 et
1018 4101 1020 4106 ,
1032 4039 1103 4129 glos
1125 4063 1253 4128 compa-

142 4139 204 4210 rari
226 4156 396 4232 nequeunt
419 4167 501 4213 nus.
525 4145 673 4212 zolowka
695 4145 800 4214 mariti
822 4167 913 4214 soror
940 4139 1053 4314 melque
1082 4144 1252 4234 quadraret
1448 4233 1457 4328 p
