2930 4992
674 350 715 416 47

148 535 363 605 necessarium
377 545 444 602 erat
458 533 556 601 verba
578 527 633 596 aul
657 529 793 616 Μέρονες
815 531 931 616 ejicere
953 531 1027 621 quia
1047 555 1114 600 non
1139 531 1250 600 intelli.

149 649 307 731 gerentur.
345 637 477 706 nominn
508 635 678 726 terrigenas
715 635 768 703 vel
799 633 1032 702 autochthones
1066 636 1253 726 significant,

153 745 284 810 formata
309 765 327 808 a
349 741 397 808 bb
418 741 526 808 addito
549 751 604 806 aut
625 738 664 829 ga
685 749 740 807 aut
761 738 878 806 suffixo
893 738 1008 830 aliquo
1030 763 1103 806 una.
1130 739 1163 805 in
1184 740 1250 807 Me·

150 871 246 914 rones
269 847 403 912 eaedem
424 844 552 912 vocales
576 867 656 933 quas
677 867 757 910 nrss.
780 843 894 910 bereza
924 842 1078 926 ostendit,
1103 842 1251 912 licetne

150 975 225 1042 gare
247 971 407 1038 nequeam
435 971 487 1015 mc
509 946 572 1015 boe
593 970 713 1014 nomen
733 947 830 1014 malle
852 945 998 1014 homines
1021 946 1101 1030 (rad.
1124 950 1187 1031 mr)
1209 947 1253 1014 in·

149 1052 325 1144 terpretari.
356 1133 359 1141 Ι

241 1159 293 1224 28.
338 1155 530 1246 Hesychius:
561 1155 672 1238 μῶλαξ
705 1143 785 1227 εἶδος
815 1143 912 1218 οἴνου.
940 1151 971 1218 oi
1003 1147 1039 1218 dl
1071 1148 1106 1218 τὸ
1133 1151 1169 1216 dv
1192 1159 1255 1229 τοῖς

155 1255 268 1344 ὃρκίοις
293 1254 514 1343 σπενδόμενον.
541 1251 603 1320 dud
631 1257 687 1320 soii
714 1250 845 1339 Μόλου,
876 1253 918 1331 ὥς
944 1253 1031 1331 τινές.
1075 1251 1174 1324 Audol
1199 1253 1254 1324 τὸν

153 1355 248 1430 οἶνον.
264 1387 348 1454 pers.
363 1387 438 1451 may
456 1363 509 1430 vel
523 1360 593 1426 mul
611 1359 731 1442 vinum,
753 1370 951 1428 contractum
972 1361 1036 1428 hoc
1058 1385 1076 1428 e
1092 1361 1142 1428 sls.
1157 1363 1254 1430 madu

154 1480 187 1534 et
208 1467 354 1547 madula,
376 1466 427 1532 cui
449 1465 600 1531 suffixum
621 1463 663 1530 ka
685 1463 778 1531 facile
800 1463 985 1532 adnectitur.
1013 1464 1170 1532 dentalem
1198 1489 1256 1554 per

88 1641 92 1648 ,
154 1569 381 1637 semivocalem
395 1569 484 1635 reddi
500 1566 736 1636 creberrimum.
770 1566 905 1633 Tmolus
919 1565 969 1632 sk.
985 1565 1154 1634 atimadula
1170 1569 1256 1653 (coll.

154 1674 292 1763 atiyapas
321 1672 413 1740 valde
442 1672 599 1756 celeber),
633 1669 780 1738 scribitur
804 1669 889 1736 enim
917 1667 1013 1736 etiam
1035 1669 1181 1740 Timolus
1202 1673 1255 1742 vel

152 1774 309 1866 Tymolus
331 1775 499 1868 (stephan.
525 1775 599 1866 byn.
620 1797 646 1842 s.
668 1775 715 1860 v.)
737 1783 770 1840 et
795 1776 977 1858 χρηστοινιῖ
991 1773 1148 1844 Strabone
1175 1786 1256 1844 teste

152 1879 239 1962 xlv,
265 1883 292 1946 l.
315 1883 347 1947 5.
376 1880 443 1947 eius
471 1882 577 1948 vineta
603 1886 681 1946 nota
708 1877 824 1944 Ovidio
851 1877 929 1944 Mer.
957 1877 1012 1960 Vl,
1042 1881 1094 1947 15.
1119 1877 1174 1962 xl,
1202 1881 1257 1950 86.

152 1984 240 2052 uase
262 1984 300 2066 ll,
321 1984 386 2050 313
411 2019 452 2030 -
473 1981 575 2048 Plinio
598 1981 638 2062 V,
660 1982 704 2048 30
726 2019 770 2030 -
791 1979 934 2046 Senecae
955 1979 1061 2048 Theb.
1083 1982 1159 2048 602.

243 2085 297 2150 29.
343 2073 447 2156 Moira·
468 2107 500 2150 v.
523 2084 577 2150 27.

244 2188 297 2254 30.
341 2185 475 2254 Photius
497 2209 522 2254 s.
546 2211 576 2252 v.
599 2181 747 2270 Ndptpout
773 2178 829 2250 ael
851 2182 887 2246 ai
907 2184 1036 2250 Μοῖσαι
1057 2180 1093 2252 dl
1115 2175 1175 2252 sind
1195 2198 1257 2256 Λυ-

154 2292 218 2355 δῶν
239 2283 369 2374 νύμφαι.
414 2289 597 2382 Stephanus
619 2289 692 2381 byn.
714 2313 739 2356 S.
763 2313 793 2357 v.
810 2282 978 2374 Τόὀρηβοςι
1000 2292 1151 2377 φθογγῆς
1170 2303 1257 2380 Nupt-

156 2395 224 2477 φῶν
245 2384 406 2478 ἀκούσας,
433 2381 473 2468 ἃς
494 2387 550 2458 auxi
573 2389 708 2469 Modone
729 2387 827 2458 Λυδοὶ
847 2394 993 2462 καλοῦσι.
1015 2406 1123 2464 ulrum
1144 2421 1257 2468 Verum

155 2500 208 2566 alii
229 2499 344 2568 dicant.

243 2604 296 2670 31.
332 2597 526 2689 Hesychius:
548 2589 661 2680 νῦχμα
675 2586 799 2670 ὄνειδος·
821 2593 921 2662 Λυδοί
932 2594 1045 2678 ,botta
1068 2627 1146 2670 mox
1160 2604 1259 2672 idem:

157 2707 275 2786 νῶχμα
297 2693 416 2776 ὄνειδος
421 2723 430 2781 3
453 2711 626 2791 cognatum
639 2693 761 2784 νύγμος
772 2700 861 2788 quod
874 2701 1031 2791 Epicurus
1046 2729 1121 2772 eum
1135 2731 1255 2791 γαργα.

156 2806 259 2888 λισμῷ
287 2804 465 2894 componit,
491 2803 631 2894 pruritus
658 2826 814 2870 venereus
835 2803 953 2874 Athen.
978 2806 1039 2874 Xll
1066 2832 1099 2899 p.
1128 2809 1193 2878 546
1219 2811 1259 2882 Ε.

156 2931 241 2998 pers.
264 2907 332 2979 nuk
354 2906 460 2996 cuspis
481 2929 570 2994 cogn.
596 2928 671 2972 cum
692 2901 832 2971 ιύσσειν.
851 2900 932 2970 aula>
950 2911 1003 2977 vel
1016 2901 1082 2974 νῦω
1103 2913 1160 2991 (cf.
1176 2938 1260 3002 pers,

155 3009 296 3078 nuvidan
307 3009 478 3077 dormitare
494 3000 688 3092 remalgum:
711 3002 821 3072 νύσσω
835 3003 947 3092 κνύκω)
961 3043 997 3070 :-.
1009 3014 1079 3082 luo:
1100 3013 1193 3084 facio,
1205 3017 1260 3086 lat,

155 3116 211 3185 nix
232 3113 322 3204 goth.
337 3113 444 3182 snaivs
459 3113 569 3180 etiam
584 3113 680 3182 latine
702 3113 857 3204 genitivus
877 3114 969 3199 nivis,
990 3139 1070 3187 mss.
1088 3121 1204 3211 anyeg”
1224 3132 1260 3190 ut

155 3243 177 3284 v
200 3228 233 3282 et
254 3242 275 3306 g
297 3217 447 3286 continuo
474 3217 619 3284 alternari
646 3218 822 3286 videamus.
845 3228 878 3284 et
899 3231 1034 3311 utraque
1054 3221 1145 3290 litera
1158 3224 1260 3292 serius
1387 3210 1390 3214 ⁵

156 3320 272 3402 addita,
300 3343 375 3386 narn
402 3319 490 3386 radix
512 3323 569 3386 and
590 3319 641 3387 vel
664 3343 729 3388 anu
756 3320 855 3388 lavari
879 3323 997 3392 stillare
1027 3325 1130 3417 (Rigv.
1161 3328 1210 3409 16,
1237 3328 1259 3396 2

155 3424 326 3514 §rtasnuva
354 3425 484 3513 buttyro
513 3422 648 3506 stillans)
682 3423 824 3509 adenis
858 3437 891 3494 et
918 3428 987 3513 onii
1015 3429 1152 3521 ningere.
1178 3431 1257 3516 (νεῦ.

157 3550 213 3608 ρον
235 3527 283 3590 sle
306 3529 408 3612 sntyu
435 3526 532 3592 tendo
560 3547 678 3590 nervus
699 3523 850 3616 Hitopad.
877 3529 929 3611 35,
954 3532 995 3598 12
1023 3535 1110 3623 goth.
1138 3539 1257 3625 snorjo,

157 3631 287 3700 vesonae
309 3625 446 3708 snivan).
468 3636 505 3692 ut
526 3625 632 3694 nivem
661 3626 755 3693 etiam
782 3640 910 3698 noctem
937 3636 1064 3726 proprie
1085 3638 1259 3706 stillantem

154 3731 208 3799 vel
229 3739 392 3798 rorantem
413 3728 531 3796 dicum
552 3729 756 3814 autumarim;
783 3757 866 3824 quae
889 3759 989 3826 quum
1004 3740 1059 3808 alr.
1075 3763 1141 3808 non
1154 3741 1261 3806 solum

154 3835 252 3902 nakta
273 3834 332 3904 sed
354 3833 450 3902 etiam
471 3833 546 3901 alrta
567 3834 707 3918 dicatur,
728 3837 849 3906 radices
872 3839 934 3931 nag
956 3852 990 3910 et
1011 3841 1073 3932 ang
1093 3844 1261 3930 (unguere)

156 3960 352 4028 synonymae
383 3961 454 4006 esse
481 3936 703 4028 intelligemus.
735 3941 840 4008 nudus
872 3943 1037 4033 quomodo
1069 3944 1110 4010 ab
1143 3946 1259 4016 eodem

156 4038 220 4128 neg
245 4065 347 4132 nagna
376 4051 500 4132 poterat
527 4040 604 4125 dici,
631 4041 768 4109 ostendit
789 4045 907 4134 vyalrta
936 4045 1064 4137 pmprie
1086 4060 1258 4139 perunctus

156 4139 270 4210 deinde
292 4144 484 4236 conspicuus
506 4153 539 4214 et
561 4143 678 4240 sugast
700 4169 821 4215 revera.
