2930 4992
745 368 789 436 lo

218 577 306 636 sens,
339 551 435 620 havel
462 551 629 642 purificare
654 551 797 641 expiare,
830 553 945 620 hovrm
972 556 1120 623 sacerdos
1148 556 1219 647 (qui
1248 557 1324 626 inde

219 659 342 749 syriaco
363 656 486 738 turmo,
509 679 591 744 pers.
605 657 684 746 gabr
706 656 758 743 [ab
772 655 927 724 Hebraeis
942 657 1232 751 hdherscriptum]‚
1260 655 1320 725 κά-

216 773 327 845 βαρνοι
349 759 474 828 Cereris
496 759 696 840 sacerdotes,
729 759 837 828 forsan
863 761 924 852 ipsi
946 761 1053 830 Cabiri
1077 764 1142 831 huc
1162 765 1323 852 trahendi)

221 865 421 956 distinguitur
444 891 462 932 a
485 867 591 957 gowel
617 865 757 948 laudare,
784 865 891 956 gamin
912 866 982 956 lyra
1005 867 1084 951 (win
1099 893 1164 935 non
1191 881 1241 937 est
1267 872 1321 937 de

217 981 377 1038 curtatum
399 993 439 1036 ex
461 969 576 1060 gamin,
597 970 655 1036 sed
674 970 847 1059 respondet
866 969 916 1036 sk.
937 974 1035 1056 vind).
1063 973 1153 1040 radix
1174 971 1220 1040 ku
1247 998 1321 1040 nen-

217 1076 287 1142 dice
321 1085 355 1142 et
386 1072 513 1163 gothice
552 1073 694 1139 dilatata:
733 1073 794 1140 lrui
840 1071 991 1158 clamare,
1030 1076 1163 1166 hausjan
1200 1077 1320 1145 audire.

218 1179 256 1246 cl.
280 1201 360 1244 russ.
384 1175 475 1267 gusli.
498 1169 653 1260 κοάλεμος
674 1171 789 1256 εὐήθης
813 1177 971 1246 Plutarch.
993 1179 1109 1248 Cimon
1136 1207 1167 1269 p.
1197 1183 1263 1250 480
1289 1183 1320 1249 Ε

217 1281 320 1348 indice
349 1281 380 1346 ni
403 1280 497 1347 fallor
529 1279 702 1348 kavelimas
730 1305 765 1350 se
787 1282 893 1371 ipsum
921 1283 1057 1350 libenter
1078 1286 1223 1367 audiens,
1256 1287 1317 1353 lor·

216 1397 338 1452 matum
360 1395 397 1451 ut
418 1383 576 1452 hidelima.
1082 1383 1085 1388 ’

306 1491 359 1556 23.
396 1488 585 1556 Plutarchus
606 1501 729 1580 quaest.
752 1515 854 1580 graec.
879 1513 910 1581 p.
927 1493 993 1560 30:
1014 1491 1058 1558 A:
1079 1485 1176 1555 Λυδοὶ
1197 1485 1319 1578 λάβρυν

215 1589 270 1660 τὸν
289 1591 424 1658 πέλεκυν
445 1587 665 1675 ὀνομάζουσιν.
687 1595 773 1660 unde
794 1595 919 1684 Jupiter
940 1595 1165 1662 Labrandenus
1186 1597 1239 1664 vel
1260 1599 1315 1666 Lo-

217 1697 420 1766 braundenus
436 1695 554 1761 Stnrho
569 1695 656 1780 XIV,
672 1699 702 1764 2.
719 1698 778 1764 23:
801 1697 893 1764 facile
904 1697 1029 1766 videtur
1043 1704 1220 1790 comparari
1234 1725 1309 1793 pers.

215 1803 306 1870 tahar
334 1811 388 1866 tav
415 1808 513 1876 taven,
540 1823 618 1866 arm.
646 1810 750 1890 tapar,
783 1823 863 1867 russ.
890 1801 1003 1891 topor’'
1024 1809 1086 1884 (os.
1109 1803 1233 1894 sumpt)
1261 1807 1315 1874 sed

216 1929 317 1998 qurum
339 1903 499 1970 dentalem
521 1901 554 1968 in
577 1901 633 1968 illo
655 1902 813 1970 vocabulo
837 1915 1037 1972 constantem
1060 1929 1130 1975 esse
1146 1909 1317 1994 videamus,

215 2009 329 2078 melius
356 2032 374 2074 a
403 2006 452 2074 slr.
480 2005 514 2072 lh
537 2005 573 2090 (i.
596 2031 628 2097 q.
651 2007 706 2096 lup
729 2014 893 2098 rumpere)
916 2031 1024 2076 secare
1051 2013 1109 2100 (gr.
1131 2006 1230 2098 them)
1258 2015 1316 2079 lor-

215 2137 304 2182 mere
324 2111 424 2180 larira
445 2110 497 2178 vel
520 2110 627 2178 lavura
652 2110 775 2178 collatis
805 2112 912 2180 bidura
936 2123 969 2182 et
991 2110 1096 2180 tidira.
1140 2115 1317 2185 Labrande-

214 2241 275 2284 nus
298 2215 358 2282 erit
378 2213 539 2280 lavirar'rdd
561 2214 698 2302 gladium
720 2210 843 2281 tenens.

303 2319 357 2386 24.
402 2313 596 2404 Hesychius:
617 2312 729 2389 λαίλας
751 2313 769 2380 d
790 2309 941 2400 τύραννος
961 2311 1023 2382 ὑπὸ
1044 2323 1166 2388 Λυδῶν.
1188 2323 1315 2392 Suidas:

217 2420 330 2495 λαίλας
351 2417 368 2482 ὁ
390 2411 434 2504 μὴ
457 2415 493 2480 ἐκ
514 2413 630 2500 γένους
650 2411 810 2504 νῦρανυος.

304 2527 357 2593 95.
395 2519 589 2613 Hesychius:
610 2518 836 2608 μαυλιστήριον
856 2521 925 2609 παρ’
939 2521 1123 2593 Ἱππώνακτι
1146 2526 1253 2594 thoros
1266 2529 1314 2594 λε’-

213 2654 319 2718 μεσμα
341 2622 451 2692 λεπτόν
477 2653 514 2693 rt.
542 2627 629 2696 varie
656 2628 906 2696 emendaverunt
931 2621 1074 2715 νόμισμα
1104 2634 1238 2718 λέπισμα
1258 2633 1313 2716 με’-

210 2743 318 2822 napo.
1342 2793 1348 2798 .

301 2839 355 2905 26·
399 2836 592 2928 Hesychius:
627 2833 774 2921 pendentiis
801 2832 926 2920 μηδεῦς.
957 2832 1045 2922 παρὰ
1075 2835 1136 2923 μὶν
1168 2842 1315 2926 Δωριεῦσι
1449 2887 1450 2930 3

213 2940 382 3030 μηδοτιοῧν
402 2941 581 3025 penduntor,
603 2937 689 3026 παρὰ
710 2935 746 3004 dh
768 2943 883 3015 Λυδοῖς
905 2937 923 3004 ὅ
946 2935 1031 3020 Ζεὺς,
1053 2946 1166 3020 ζεῡσις.
1188 2945 1236 3012 slt.
1252 2969 1318 3011 me·

212 3050 269 3116 das
291 3047 324 3112 in
346 3047 435 3114 vedis
457 3046 508 3112 dei
529 3045 647 3112 excelsi
668 3045 788 3128 titulus,
809 3045 929 3112 medira
951 3044 1085 3133 sapiens.
1109 3045 1179 3109 dele
1202 3047 1316 3120 ῥεῦσις.

302 3150 355 3216 27.
400 3148 517 3215 strabo
539 3147 610 3230 th,
631 3147 663 3216 8.
686 3151 722 3216 3:
745 3142 870 3222 Ξάνβος
891 3146 909 3212 ὃ
931 3145 1024 3221 toth,-
1042 3141 1099 3210 καὶ
1119 3142 1319 3233 Μενεκράτης

212 3251 231 3318 ὁ
254 3245 374 3332 diotimo
395 3249 624 3336 ἕτυμολογοῦσι
645 3245 702 3316 καὶ
729 3246 764 3317 rd
784 3243 887 3339 ὄνομα
913 3247 948 3317 cd
969 3253 1031 3316 :aiu
1051 3253 1173 3314 Μυσῶν
1195 3245 1238 3316 ὅτι
1262 3251 1319 3335 rip:

211 3354 307 3441 ὀξύηυ
327 3348 424 3430 οὕτως
445 3349 657 3440 ὀνομάζουσιν
678 3355 708 3420 οἱ
729 3353 835 3422 Λυδοί.
854 3367 1017 3425 recantant
1038 3356 1221 3444 Stephanus
1243 3359 1316 3449 hyn.
1448 3353 1449 3363 ¹

212 3488 238 3530 s.
260 3488 292 3529 v.
316 3456 429 3526 Μυσία
450 3471 483 3528 et
504 3459 690 3528 Eustathius
711 3461 847 3553 Dionys.
869 3462 945 3531 322.
968 3482 1033 3526 non
1055 3459 1237 3550 intelligitur
1257 3463 1316 3529 nisi

213 3577 394 3656 comparata
422 3564 573 3654 Hesychii
595 3566 715 3656 glossa:
742 3557 839 3650 μωῧς.
869 3565 960 3651 ἡγῇ.
988 3558 1088 3628 Λυδοί
1116 3589 1196 3655 quae
1219 3566 1316 3633 mani-

212 3671 295 3738 festo
318 3669 359 3734 ad
381 3667 430 3733 sk.
453 3667 499 3733 hu
521 3668 572 3734 vel
594 3667 683 3736 humi
705 3682 788 3738 terra
816 3693 875 3736 nos
896 3669 1027 3736 reducit
1049 3669 1177 3736 betulae
1198 3693 1316 3736 nomen

210 3775 260 3842 sla
283 3769 400 3863 biuga,
422 3794 501 3839 russ.
525 3770 653 3855 herena,
674 3773 740 3862 pol.
763 3773 880 3838 hrnoza
903 3771 979 3836 nihil
1002 3771 1087 3837 aliud
1110 3795 1208 3862 quam
1230 3771 1316 3839 terri-

210 3901 306 3970 gena,
342 3888 379 3944 ut
415 3877 455 3943 ad
493 3876 637 3967 quamvis
675 3875 821 3942 arborem
858 3872 1087 3964 designandum
1124 3887 1235 3965 aptum
1266 3875 1316 3942 sit.
1446 3903 1447 3951 t

211 3983 326 4050 Strabo
355 3981 430 4064 ΧΠ,
465 3981 497 4047 3.
520 3982 578 4048 20:
611 3974 725 4063 Βρύγοι
750 3978 794 4043 ait
819 3971 875 4039 ool
902 3973 1019 4063 Bpriycc
1044 3970 1100 4040 :eorl
1134 3971 1253 4063 Φρύγες
1285 3977 1315 4040 οἱ

210 4079 299 4151 αὐτοὶ
320 4079 378 4150 καὶ
399 4077 506 4149 Muool
527 4075 583 4145 ool
598 4077 734 4164 Μέρουες
754 4071 811 4141 ml
826 4075 962 4154 Μαίσνες
982 4074 1039 4143 καὶ
1054 4073 1186 4163 Μῄονες,
1209 4102 1315 4171 neque
