2930 4992
667 373 709 440 95

138 567 223 647 dent7
251 562 442 653 enseignent,
471 559 583 626 disent.
606 559 670 624 ianr
692 581 866 648 parasauga
894 556 1017 624 videtur
1043 558 1076 625 id
1104 559 1242 648 spatium

138 670 225 758 quod
247 668 301 734 uni
324 690 365 732 ex
388 662 511 754 angaris
533 663 684 728 traditum
705 662 738 728 in
761 685 826 751 quo
849 661 982 728 nuncios
997 662 1144 751 perierat.
1164 687 1242 732 arm.

138 773 254 854 brasah
277 771 362 861 apud
384 768 527 834 Eliseum
552 767 598 832 St.
622 765 738 832 Martia
768 768 864 858 niem.
889 765 924 847 ll,
946 791 979 855 p.
1002 767 1067 834 394
1090 777 1185 856 atque
1207 779 1244 833 ut

86 938 88 942 ,
137 875 262 957 Νργεερ
289 903 324 934 ;;
350 869 576 960 Nairyripairha
599 873 639 936 ita
663 870 779 951 hrasah
802 869 861 936 erit
884 868 1043 953 irapariha.

228 980 280 1045 79.
325 973 509 1042 Eustalhius
544 973 680 1062 Dionys.
723 975 819 1040 1069:
853 966 1080 1056 διερμηνεύεπαι
1114 971 1133 1051 ἡ
1159 967 1245 1046 πόλις

138 1073 357 1164 Πασαργάδαι
387 1071 470 1140 κατὰ
504 1077 659 1160 γλῶσσαν
694 1072 838 1154 ἕλληνίδα
870 1078 999 1160 Περσῶν
1026 1072 1243 1160 στρατόπεδον.

140 1185 311 1272 Parsagttu
334 1179 548 1271 respondebit,
569 1203 645 1246 narn
669 1180 717 1248 ud.
740 1185 813 1270 gttu
836 1181 937 1248 locus.

228 1289 281 1354 80.
326 1285 521 1376 Hesychius:
543 1277 643 1361 παινί]
665 1279 746 1363 καλὴ
768 1280 828 1348 ὑπὸ
850 1279 998 1369 Πάρθων.
1045 1284 1130 1351 ludis
1157 1289 1246 1375 patui

140 1417 223 1482 quae
246 1391 375 1458 Graecis
397 1385 517 1454 πότνια.

229 1497 282 1561 el.
306 1493 430 1560 Ctesias
453 1491 537 1580 opud
559 1489 710 1558 Photiurn
732 1490 808 1556 bibl.
836 1493 878 1558 79
900 1513 932 1578 p.
955 1489 996 1555 tl
1025 1489 1082 1554 B.:
1108 1484 1249 1574 πισάγας

141 1595 265 1680 λέγεται
297 1591 386 1680 παραὶ
406 1591 542 1678 Πέρσαις
568 1589 585 1654 ὃ
607 1587 723 1677 λεπρίις.
769 1594 857 1684 Syris
885 1593 1034 1683 pis⁰k0yo
1066 1593 1248 1662 maculosus

142 1699 314 1768 versicolor
328 1699 427 1790 Ephr.
452 1699 514 1788 lp.
526 1697 571 1766 85
581 1695 626 1764 E:
652 1722 685 1787 p.
700 1702 770 1787 pisa
786 1696 972 1786 variegatus,
990 1695 1041 1762 sk.
1059 1695 1135 1786 pitu
1146 1697 1245 1788 lepra.

228 1805 283 1870 89.
316 1801 500 1870 Athenaeus
521 1799 567 1865 Xl
591 1825 627 1890 p.
649 1802 713 1868 503
737 1800 777 1866 F:
799 1795 900 1862 Δίνων
929 1797 963 1862 ἐν
984 1793 1072 1882 τρίτῳ
1094 1803 1249 1884 περσοιῶν

142 1929 239 1986 φησιν
253 1899 360 1979 οὕτως.
385 1896 448 1968 ἔστι
464 1898 500 1968 δὲ
514 1900 674 1985 ποτίβαζις
689 1893 781 1986 α’ίριος
795 1898 935 1986 κρίθινος
947 1897 1004 1966 καί
1018 1898 1143 1986 πύρινος
1158 1899 1248 1980 ὀπτὸς

141 2004 198 2072 καί
213 2004 416 2090 κυπαρίσσου
437 2005 593 2086 στέφανος
615 2001 671 2069 καί
692 1996 774 2077 οἶνος
795 2001 988 2088 κεκραμένος
1009 2003 1043 2066 ἕν
1057 2003 1106 2085 uiui
1127 2011 1248 2090 χρυσῷ,

142 2100 183 2172 οὗ
204 2104 299 2181 αὐτὸς
321 2103 470 2191 βασιλεὺς
491 2103 579 2170 πίνει.
603 2107 653 2174 sk.
669 2107 831 2197 prau‘baga
846 2105 968 2176 fruetus
986 2107 1144 2198 floresque
1167 2111 1247 2199 prin-

143 2211 205 2301 cipi
228 2213 370 2301 quotidie
393 2213 434 2278 ad
455 2210 592 2278 familiae
615 2235 692 2278 suae
707 2235 802 2278 usum
817 2211 929 2278 oblati:
952 2211 1041 2279 cuius
1056 2213 1144 2280 vocis
1159 2215 1249 2282 radix

143 2337 244 2405 quurn
265 2316 306 2383 sit
327 2313 404 2405 bag,
433 2326 503 2382 aeta
529 2313 663 2382 Dinonis
692 2315 813 2405 optime
841 2315 991 2405 explicari
1018 2327 1135 2406 potest.
1162 2319 1248 2386 idem

141 2419 361 2487 Hebraeorum
382 2419 509 2508 palbeg.

230 2526 284 2590 83.
306 2523 491 2590 Ammianus
506 2521 594 2599 XlX,
611 2525 642 2603 9,
663 2525 713 2588 ll:
728 2522 923 2588 resultabant
936 2523 1126 2592 clamoribus
1139 2525 1248 2607 eolles,

142 2623 1248 2694 uostrisvirtutesConstantiiCaesarisextollentibusutdonriuirerum

144 2739 177 2795 et
191 2730 310 2810 mundi,
325 2729 429 2794 Persis
440 2728 598 2816 Saporem
614 2739 647 2794 et
662 2749 816 2794 seansaan
827 2727 1059 2816 appellantibus
1070 2740 1103 2794 et
1115 2729 1249 2819 pirosen,

144 2831 232 2918 quod
254 2853 311 2894 rex
334 2831 458 2918 regibus
482 2831 640 2918 imperans
663 2842 695 2898 et
717 2830 875 2896 bellorum
897 2830 998 2898 vietor
1017 2832 1249 2923 interpretatur.

144 2955 193 3023 ps.
218 2932 347 3021 pairiua
375 2933 477 2998 viotor
502 2933 595 2998 Mobl
621 2933 780 3022 bagmeus
808 2959 840 3022 p.
867 2935 920 3014 98,
947 2936 1001 3001 95.
1031 2935 1082 3002 sk.
1110 2939 1250 3028 pratirug

143 3035 286 3103 nondum
308 3035 482 3116 inventum,
504 3036 562 3103 sed
576 3035 692 3126 prarug
712 3036 855 3126 frangere
870 3035 997 3106 vincere
1010 3037 1100 3130 Rigv.
1119 3041 1190 3123 109,
1213 3042 1249 3110 42

143 3163 201 3230 pra
216 3140 368 3224 patrirnar‘r
390 3138 506 3228 vrsnya
528 3137 607 3229 ruga
621 3139 763 3207 bostium
778 3140 860 3208 vires
874 3141 991 3231 frange.
1014 3135 1153 3228 ἔρεύγειν
1174 3147 1248 3212 coll.

146 3237 280 3325 ἐρύκεαι
303 3243 443 3310 brechen
466 3243 562 3310 etiam
584 3244 669 3332 apud
691 3245 869 3312 Gennanos
895 3257 965 3323 tum
983 3245 1126 3336 frangere
1148 3273 1249 3336 quum

146 3369 286 3413 vomere.

234 3451 289 3516 84.
334 3450 456 3516 Ctesias
479 3451 565 3539 apud
586 3449 736 3516 Photium
759 3450 836 3516 bibl.
859 3453 911 3533 79,
934 3475 1005 3540 pag.
1030 3451 1083 3516 44.
1105 3451 1148 3517 132
1170 3449 1249 3538 ὀρνί-

147 3563 221 3622 ὲιαν
245 3545 374 3632 μικρὸν,
414 3547 553 3635 praepones
582 3542 652 3614 ἴσον
672 3549 737 3616 oioii
753 3602 762 3618 .
776 3547 937 3635 ριαιὸάιιην
958 3553 1017 3638 (sic
1036 3554 1128 3622 bene
1154 3559 1249 3648 vulg„

146 3653 231 3720 male
253 3653 282 3719 J.
305 3653 473 3722 Bekkerus
495 3647 694 3736 ρυνδοίκκην)
717 3651 837 3738 Πέρσαι
864 3650 898 3720 τὸ
920 3652 1060 3741 deviem
1086 3661 1249 3730 καλοῦσιν.

146 3757 334 3826 Plutarchus
371 3759 483 3825 Artox.
517 3782 549 3848 p.
585 3759 669 3826 1090
696 3758 725 3824 Ε
752 3783 770 3826 e
798 3759 903 3828 Ctesia
935 3760 1097 3830 hauriens:
1130 3748 1250 3846 γίνεται

144 3855 258 3946 μικρὸν
280 3861 315 3924 ἐν
339 3859 475 3946 Πέρσαις
496 3857 653 3946 ὀρνίθιον,
674 3852 700 3942 ᾧ
719 3859 939 3948 περιττώματος
961 3861 1055 3930 οὐδέν
1077 3863 1162 3926 ἒσιιν
1182 3861 1249 3930 ἀλλ’

146 3957 220 4028 <iton
241 3958 390 4029 διάπλεων
410 3967 538 4048 πιμελῆς
558 3959 599 4028 rai
628 3960 722 4045 ε’νιὸς,
744 3955 765 4050 ᾗ
786 3961 842 4030 καὶ
863 3964 1046 4052 νομίζουσιν
1068 3963 1175 4050 ἀνέμῳ
1193 3965 1252 4056 παὶ

148 4057 251 4149 δρίσῳ
277 4065 451 4152 τρέφεσθαι
479 4062 513 4132 ab
540 4062 837 4154 ζῶου.ἆνομοἰζειαι
870 4066 906 4134 et
933 4061 1098 4153 ῥυντάκης.
1146 4072 1247 4164 Hesy.

147 4167 255 4237 chius:
299 4165 439 4253 ἁυυδάιιη
454 4172 554 4258 (odito
577 4171 787 4264 hagenoensis
809 4169 959 4256 ῥυνδέκη)
982 4168 1124 4256 &quiniou
1143 4171 1252 4254 ἡλίκον
