2930 4992
758 367 801 430 38

219 547 429 630 παιδαριώδης
450 542 507 610 arui
528 541 665 632 φρῦγιον
684 545 788 630 μέλος.
811 546 924 612 naenia
946 545 1165 616 Romanorum
1188 548 1222 615 in
1244 574 1339 620 men·

220 662 285 718 tem
307 650 395 717 venit
417 661 450 718 et
471 650 562 716 radix
583 675 628 718 nu
649 649 789 716 laudare.

307 754 360 820 37.
403 753 592 822 Plutarchus
620 753 741 820 llumin.
764 777 796 843 p.
820 755 860 820 51
886 756 927 840 (s.
950 777 980 818 v.
1001 751 1173 841 Marsyas):
1205 747 1338 839 νὸρικου

220 853 250 919 οἱ
272 847 392 941 Φρῦγες
412 857 450 941 'll
470 859 563 938 σφῶν
577 854 728 936 διαλέκτῳ
749 849 804 920 τὸν
823 851 929 918 doado
950 855 1115 920 καλοῦσιν.
1143 855 1337 927 Euslathius

217 959 353 1050 Dionys.
365 962 447 1028 391:
470 955 550 1034 τινὲς
562 958 749 1043 ἱστοροῦσιν,
771 951 816 1024 dra
832 949 965 1042 miptxov
978 956 1009 1022 oi
1024 951 1143 1042 Φρύγες
1158 955 1212 1022 τὸν
1226 959 1338 1025 ἀσκὸν

218 1065 355 1126 καλοῦσι
376 1085 413 1148 η]
434 1062 572 1148 σφετέρᾳ
594 1060 755 1144 druicham.

307 1168 361 1236 38.
404 1165 547 1236 Achilles
575 1167 688 1236 'latius
721 1167 752 1232 in
781 1167 868 1234 Arati
904 1165 1075 1256 phaenom
1105 1166 1156 1234 ed.
1189 1167 1332 1238 Florent.

223 1271 306 1338 1567
332 1293 362 1358 p.
386 1268 443 1336 85:
468 1263 504 1333 rb
526 1262 603 1354 ὅρου
625 1266 659 1336 τὸ
681 1261 749 1334 ἅνω
770 1267 887 1349 tutam
914 1268 1049 1352 Φριγῶν
1077 1259 1156 1332 ἴδιον
1181 1265 1223 1344 ὡς
1250 1283 1335 1339 Nau.

218 1365 366 1456 radispone
380 1371 415 1436 ἓν
428 1376 495 1448 roffi·
511 1370 661 1458 φρυγίοις
676 1377 805 1456 φωναῖς.
828 1372 934 1442 oscill-
949 1371 1012 1443 ulie
1031 1371 1083 1438 vel
1100 1372 1200 1456 nolle,
1222 1399 1300 1444 arm.
1319 1377 1331 1442 i

221 1499 330 1567 weray
351 1499 456 1566 supra.
479 1477 568 1544 radix
590 1502 628 1558 vr
648 1480 714 1567 jam
736 1477 822 1566 apud
835 1477 933 1543 lndos
946 1474 1107 1542 interdum
1127 1475 1190 1542 val
1213 1489 1330 1567 tegere..

307 1583 361 1647 39.
407 1576 554 1643 Οὐανοῦν
575 1581 689 1669 vulpes
710 1607 743 1647 v.
766 1604 862 1669 supra
885 1581 939 1648 29.

308 1683 359 1749 40.
404 1681 575 1748 Erotianus
597 1682 643 1765 (in
664 1683 703 1748 Η.
720 1682 875 1772 Stephani
897 1679 1082 1749 dehonorio
1097 1681 1222 1750 medico
1240 1683 1320 1748 1564

217 1807 250 1873 p.
274 1784 346 1868 dij:
368 1779 492 1866 πικερίῳ
512 1777 662 1868 βονιίρῳ,
683 1782 725 1860 ὣς
744 1778 802 1853 καὶ
815 1778 1040 1869 Ἀριστοφάνης
1063 1782 1098 1846 ἓν
1119 1787 1182 1860 τοῖς
1195 1778 1327 1869 ὑπομνή-

217 1880 304 1969 μασί
322 1907 429 1984 φηοιν,
450 1877 496 1951 du
512 1879 595 1960 Θόας
616 1885 634 1951 ὁ
656 1882 825 1968 ι’ῇαιιήσιος
845 1886 965 1973 inupti
980 1881 1068 1970 παρὰ
1089 1881 1173 1968 §pegi
1194 1886 1332 1971 πικέριον

219 1994 392 2063 καλεῖσθαι
413 1986 448 2054 ad
462 1985 623 2077 βούτυρον.
645 1993 735 2058 radix
752 1993 824 2084 pyai
838 1992 1056 2082 pinguescere,
1077 1990 1228 2058 suffixum
1243 1993 1330 2058 idem

219 2094 307 2184 quod
318 2094 351 2160 in
364 2093 418 2161 lat.
428 2095 551 2164 ludicer
561 2095 744 2186 sepulcrum
759 2098 870 2188 pulcer
884 2100 934 2182 (τ.-
952 2094 1001 2161 sk.
1016 2091 1153 2183 publrala
1169 2095 1330 2162 excellens

218 2199 353 2266 eximius
375 2221 416 2262 ex
438 2199 478 2278 lrr
500 2209 533 2266 et
552 2221 657 2287 puras,
680 2200 719 2266 cl.
735 2195 892 2289 parillqta
913 2209 946 2266 et
960 2197 1142 2289 purabkrta)
1161 2197 1329 2265 habemus.

307 2302 359 2368 41.
405 2297 559 2390 Apuleius
581 2302 621 2368 de
644 2302 908 2370 medicaminibus
922 2299 1093 2368 herbarum
1115 2303 1151 2369 5:
1173 2299 1328 2392 hyoscya-

218 2425 294 2470 mon
317 2402 460 2492 Phryges
482 2404 622 2470 remenia
645 2405 814 2494 appellant.

307 2506 360 2574 42.
406 2505 555 2574 Donatus
577 2509 651 2576 Ter.
674 2507 821 2576 Eunucb.
845 2508 899 2590 lV,
923 2509 955 2575 6.
981 2510 1037 2578 16:
1070 2509 1104 2576 in
1125 2506 1223 2586 risco,
1249 2504 1323 2572 cista
1392 2545 1397 2553 ·

219 2608 302 2698 pelle
325 2619 480 2692 contecta,
502 2633 622 2678 nomen
644 2612 824 2703 phrygium.
868 2611 985 2679 Pollux
999 2609 1041 2694 X,
1066 2614 1143 2680 137:
1166 2604 1252 2694 παρὰ
1265 2612 1327 2681 τοῖς

220 2709 375 2798 νεωτέροις
396 2708 509 2796 dionei.
1336 2767 1340 2775 .

307 2819 360 2884 43.
399 2816 582 2904 Stephanus
604 2818 687 2907 byz.⁴
702 2841 728 2884 s.
745 2843 790 2886 v.:
814 2810 909 2900 Σάβοι
932 2807 1026 2892 {avoc
1048 2812 1199 2904 Φρυγίας.
1221 2811 1325 2900 λέγον-

218 2941 268 2982 ται
292 2912 348 2984 acl
371 2913 440 2984 ἀντὶ
461 2917 518 2984 roi)
539 2913 657 3003 βάκχοι
680 2917 770 3007 παρὰ
790 2916 912 3005 Φρυξῖν.
937 2921 1010 2990 vide
1032 2943 1127 3010 supra
1149 2922 1203 2988 23.

211 3075 233 3086 .,
307 3039 360 3105 44.
406 3039 536 3106 Servius
567 3039 646 3106 Aen.
681 3040 738 3123 ΙΙΙ,
763 3041 840 3108 108:
885 3040 1080 3108 Scamander
1107 3060 1206 3125 quum
1229 3035 1325 3103 Creta

221 3141 348 3230 frugum
369 3141 475 3231 inopia
497 3141 658 3209 laboraret
678 3165 752 3208 cum
775 3154 866 3234 parte
887 3143 983 3210 tertia
1004 3139 1115 3232 populi
1138 3139 1177 3206 ad
1200 3151 1326 3208 exteras

218 3244 312 3312 sedes
339 3245 537 3336 quaerendas
564 3246 726 3336 proiectus
754 3258 817 3331 est,
850 3247 891 3314 ab
919 3244 1067 3337 Apolline
1095 3243 1250 3326 monitus,
1284 3243 1327 3310 ibi

219 3373 295 3416 eum
322 3348 506 3416 habitnmm
532 3351 643 3434 sedes,
675 3352 730 3418 ubi
758 3364 857 3420 noctu
885 3378 903 3419 a
932 3350 1095 3439 terrigenis
1124 3357 1325 3436 oppugnatus
1451 3383 1452 3448 φ

219 3463 313 3519 esset.
343 3475 418 3520 curn
446 3454 485 3520 ad
508 3452 644 3545 Frigiam
671 3456 811 3524 venisset
839 3467 871 3523 et
893 3462 996 3522 castra
1022 3450 1196 3542 posuisset,
1229 3461 1324 3516 noctu

218 3577 327 3620 mures
355 3581 486 3623 arcuum
512 3583 629 3627 nervos
656 3573 688 3629 et
721 3561 898 3628 lorameuta
933 3580 1095 3624 armorum
1130 3555 1325 3622 adrosemnt.

220 3657 417 3724 Scamander
438 3683 496 3727 eos
517 3661 740 3756 interpretatus
766 3663 878 3730 hostes
901 3684 972 3728 esse
998 3661 1171 3750 terrigenas
1198 3657 1232 3726 in
1253 3658 1325 3724 ldae

218 3761 337 3829 montis
359 3763 517 3832 radicibus
545 3767 685 3834 aedilicia
709 3763 886 3831 collocavit
916 3763 971 3850 qui
998 3783 1073 3828 curn
1096 3763 1246 3832 adversus
1267 3762 1324 3829 Be-

219 3865 333 3955 brycas
362 3867 514 3936 finitimos
542 3870 665 3937 bellum
692 3876 817 3958 gereret
844 3863 946 3931 victor
974 3865 1006 3932 in
1036 3866 1168 3934 Xantho
1196 3865 1322 3934 lluminc

218 3968 327 4057 lapsus
344 3995 410 4070 non
424 3975 613 4063 comparuit,
622 3972 677 4061 qui
692 3981 767 4061 post
778 3994 796 4036 a
807 3969 1013 4037 Cretensibus
1026 3969 1059 4036 in
1073 3969 1231 4036 honorem
1242 3969 1321 4058 regis

220 4071 267 4139 sui
281 4071 478 4143 Scamander
489 4076 667 4165 appellatus
683 4085 731 4140 est
747 4073 879 4162 filioque
894 4075 963 4160 ejus
975 4073 1102 4140 Teucro
1118 4093 1251 4160 regnum
1266 4083 1322 4162 tra-
1376 4145 1383 4156 ,

218 4176 319 4243 ditum
342 4181 396 4267 qui
420 4179 506 4246 cives
528 4201 546 4244 e
570 4201 629 4244 suo
647 4175 776 4244 nomine
792 4177 938 4245 'l'eucros
956 4173 1129 4266 appellavit
1147 4174 1201 4266 qui
1218 4187 1323 4264 posta
