2930 4992
755 379 798 444 26

222 549 393 640 περιστερά.
440 556 478 624 Η.
501 555 662 625 Relandus
692 562 827 628 contulit
849 585 880 652 p.
904 561 985 628 mnd
1008 563 1074 630 avis
1097 566 1235 653 quaein
1257 589 1327 655 ory-

222 660 301 728 zetis
323 660 482 750 Frequens.

308 767 363 833 88.
407 763 590 832 Athenaeus
618 767 663 832 Xl
690 791 723 858 p.
752 769 816 837 497
845 769 889 836 E:
923 765 1101 854 σανιώιρα.
1146 767 1266 854 Κράγης
1294 769 1331 834 ἐν

219 866 344 952 πέμπτῳ
366 865 489 946 (ἐπικῆς
516 867 683 932 drals‘xrov
705 862 837 955 ἔκπωμά
860 893 959 954 φησιν
985 862 1067 935 εἶναι
1088 865 1186 948 οὕτως
1213 868 1328 937 antod-

218 997 324 1056 μενον.
355 963 420 1035 ἔστι
446 963 482 1034 dl
510 969 667 1055 περσικόν.
702 977 906 1043 confirmatur
928 1000 986 1066 per
1013 977 1172 1066 syriacum
1195 977 1326 1068 r‘s‘norqo

218 1075 327 1167 psspo
350 1077 370 1142 2
393 1075 471 1164 Reg-
496 1077 526 1156 6,
555 1077 592 1142 19
614 1077 669 1142 ubi
691 1078 794 1147 Arabs
816 1079 885 1146 kas.

306 1179 362 1246 86.
406 1178 546 1244 Isidorus
569 1179 647 1270 orig.
670 1181 757 1264 XIX,
780 1185 839 1252 23:
884 1181 1008 1250 Partbis
1024 1183 1170 1249 sarabara
1188 1185 1325 1273 propria.

217 1281 365 1348 sarabara
387 1292 461 1348 sunt
483 1281 569 1348 fluxa
593 1307 630 1350 ac
652 1285 779 1352 sinuosa
805 1287 1008 1367 vestimenta,
1043 1287 1083 1352 de
1112 1287 1227 1375 quibua
1251 1289 1324 1378 legi-

216 1395 269 1452 tur
295 1385 328 1450 in
350 1385 501 1452 Daniele:
537 1397 570 1452 et
592 1389 738 1454 sarabara
767 1413 879 1457 eorum
901 1413 967 1456 non
989 1399 1064 1455 sunt
1091 1389 1265 1459 immutata.
1294 1403 1327 1460 et

217 1489 364 1557 Publius:
387 1489 522 1579 utquid
546 1513 621 1580 ergo
644 1492 675 1557 in
698 1504 809 1560 ventre
832 1503 889 1560 tuo
910 1491 1019 1560 Parthi
1035 1492 1182 1558 sarabara
1197 1517 1325 1584 suspen·

220 1593 355 1659 derum?
376 1595 462 1682 apud
489 1595 648 1682 quosdam
678 1607 784 1660 autem
807 1597 975 1662 sarabaras
1003 1595 1161 1684 quaedam
1185 1599 1322 1687 capitum

216 1695 355 1785 tegmina
370 1707 593 1784 nuncupantur
617 1697 721 1785 qualia
730 1697 875 1762 videmus
884 1697 917 1762 in
933 1698 1036 1787 capite
1051 1721 1217 1788 magorum
1231 1701 1319 1790 pieta.

216 1797 334 1865 Pollux
352 1797 419 1880 Vll,
434 1799 478 1866 69
496 1810 529 1865 et
542 1799 584 1881 X,
602 1799 683 1866 168:
713 1791 896 1880 ’Awrpo'ch
918 1797 953 1862 ἐν
977 1792 1114 1876 §adame
1136 1793 1155 1881 d
1177 1795 1319 1886 Ταύροις·

216 1895 389 1985 σαράβαρα
415 1896 470 1964 καὶ
498 1905 634 1979 gardam
654 1899 766 1976 πάντες
788 1899 996 1976 ἐνδεδυκότες.
1042 1904 1156 1972 Suidas
1183 1916 1215 1972 et
1242 1904 1323 1971 Pho-

215 2004 292 2072 b'us:
321 2000 496 2090 σαράβαρα
519 2001 618 2084 ἐσθὴς
639 1997 784 2088 uaporem.
799 1997 873 2068 ἔνιοι
895 2001 931 2070 db
957 2005 1089 2092 ls'powr
1110 2005 1235 2092 βρακία.
1257 2031 1322 2075 vox

215 2110 247 2175 in
269 2109 378 2176 multis
400 2109 514 2199 linguis
537 2109 631 2176 obvia
654 2109 712 2176 sed
733 2109 877 2187 nondum
900 2111 1067 2202 explicata.
1092 2113 1193 2179 chd.
1210 2135 1241 2200 p.
1258 2112 1323 2178 418

215 2213 363 2280 curavero
386 2212 483 2301 frigus
506 2231 627 2278 arcens·
651 2237 669 2278 a
691 2213 776 2278 radia
800 2216 837 2299 qt
855 2209 969 2297 κείρειν
981 2214 1135 2280 habemns
1157 2214 1204 2279 sk.
1228 2215 1324 2296 parad

215 2315 282 2399 (ad.
311 2315 438 2402 pareda,
471 2337 504 2405 p.
531 2315 594 2398 adl,
629 2337 705 2382 arm
731 2317 803 2384 sard
831 2317 864 2383 in
892 2315 1046 2384 navasard
1067 2315 1150 2382 Mos.
1179 2312 1269 2380 chor.
1291 2317 1323 2410 2,

213 2420 269 2486 66:
292 2419 365 2500 3,67
381 2418 485 2506 lydice
500 2410 610 2502 σάρδις
624 2445 655 2489 v.
670 2419 760 2499 infra,
783 2445 895 2510 graece
917 2411 1037 2503 καιρός)
1061 2440 1171 2500 annus,
1193 2417 1322 2507 proprie

213 2522 324 2590 incisio
339 2522 507 2611 temporis:
524 2522 616 2607 pipira
630 2524 753 2614 gelidus
764 2525 828 2604 (ud.
843 2534 947 2609 parete
962 2521 1020 2604 id.;
1033 2521 1073 2587 al.
1089 2523 1143 2602 abr
1154 2521 1204 2604 id.;
1219 2547 1248 2609 p.
1260 2542 1319 2586 sar-

216 2629 269 2693 md
281 2625 386 2718 frigus,
406 2625 477 2692 sard
488 2625 629 2716 frigidus:
645 2651 722 2695 amr.
733 2651 805 2709 sam
816 2627 900 2717 gelu,
916 2626 989 2706 sapil
1000 2626 1128 2715 frigere3
1143 2623 1323 2692 osetb.sald

213 2730 319 2820 frigus,
341 2731 549 2798 wasallrtintin
564 2729 684 2821 frigere,
700 2731 791 2798 stliin
807 2728 989 2817 congelare;
1004 2725 1063 2794 litt.
1080 2727 1175 2796 szalls
1198 2739 1231 2795 et
1244 2726 1322 2794 saal-

214 2845 262 2899 tas
269 2833 412 2922 lrig'dus)
425 2833 543 2901 collato
555 2834 800 2902 Germanorum:
815 2829 1010 2898 schneidend
1022 2830 1104 2898 kalt:
1117 2832 1203 2922 goth.
1216 2830 1324 2896 hairus

212 2929 361 3020 μάχαιρα
376 2937 442 3022 (lat.
449 2936 571 3027 gelidus
584 2947 617 3004 et
628 2939 716 3029 goth.
724 2936 808 3004 kalts
820 2934 868 3002 sk.
876 2931 1110 3025 galapersyab
1117 2935 1214 3024 frigus
1224 2961 1259 2990 2-
1271 2933 1321 2997 ad.

215 3037 349 3122 aoritcm,
365 3065 443 3106 arm.
461 3065 522 3130 oya
537 3040 677 3130 frigidus,
694 3065 741 3106 os.
757 3040 790 3104 ib
806 3039 928 3127 grando
948 3049 981 3104 et
1002 3041 1105 3129 yeban
1127 3036 1237 3124 frigus)
1252 3059 1269 3099 a
1284 3057 1323 3113 vr

213 3153 320 3232 tegere
335 3143 519 3231 saepissime
535 3143 690 3208 formatur
704 3163 778 3207 vara
794 3151 905 3230 tegens
920 3163 1041 3209 arcens.
1057 3139 1170 3230 quodsi
1181 3138 1324 3204 Isidorus

213 3231 352 3338 capitum
363 3257 491 3336 tegmen
503 3241 778 3335 interpretabrr‚{id
789 3241 838 3312 slr.
849 3245 988 3330 piravara
998 3245 1088 3326 foret,
1101 3244 1150 3309 zd.
1164 3264 1325 3328 caravara.

253 3341 259 3347 Δ
300 3351 353 3415 87.
398 3349 515 3421 Pollux
538 3349 606 3432 Vll,
629 3352 687 3418 bl:
711 3345 728 3410 d
751 3346 889 3429 σάραπις
913 3341 1030 3413 Μήδων
1051 3341 1085 3410 ab
1100 3341 1230 3429 φόρημα
1251 3367 1323 3426 arcp·

213 3454 331 3540 pvpodc
352 3443 545 3535 μεσόλευκος
571 3446 676 3530 χιτών.
721 3449 915 3541 Hesychius:
945 3447 1082 3535 σάραπις
1109 3445 1254 3532 aequande
1276 3471 1323 3522 κι-

211 3549 273 3626 roio
300 3551 493 3642 μεσόλευκος
519 3555 561 3632 ὡς
583 3553 730 3636 Κτησίας.
759 3555 905 3651 proxime
933 3566 1105 3644 cognatum
1133 3576 1208 3618 cum
1236 3561 1323 3616 antc-

195 3657 347 3728 'cedcntb
370 3657 419 3722 sk.
436 3663 549 3741 pardva
572 3661 773 3749 operculum:
797 3683 868 3744 cara
893 3683 975 3748 aqua
999 3658 1094 3747 plane
1109 3667 1146 3720 ut
1161 3654 1238 3719 illud
1254 3651 1324 3742 gala

213 3763 300 3854 quod
323 3761 542 3830 Rornanorum
564 3762 638 3852 gelu
660 3764 841 3852 respondet,
864 3773 900 3829 ut
923 3761 1093 3829 commode
1116 3757 1240 3848 frigoris
1256 3777 1324 3823 sen·

212 3890 284 3940 arun
306 3864 335 3932 ei
358 3863 497 3932 tribuere
520 3889 692 3957 queamus:
715 3889 754 3934 av
778 3866 918 3939 tuerint
941 3868 1055 3952 qardva
1078 3862 1119 3929 sit
1142 3886 1258 3952 aquam
1272 3859 1323 3926 vel

213 3969 311 4060 frigus
333 3993 453 4037 arcens.

300 4072 354 4139 88.
398 4073 582 4159 Herodotus
604 4073 626 4156 l,
656 4075 715 4142 :aa
743 4074 782 4141 de
805 4071 982 4163 Babylonia
1011 4071 1165 4157 loquutus
1187 4065 1206 4146 ἡ
1228 4059 1327 4150 ἀρχὴ,

212 4176 324 4267 inquit,
345 4176 397 4255 riis
418 4169 522 4261 χώρης
542 4169 665 4257 ταύτης,
687 4170 745 4253 *ripa
764 4174 794 4240 οἱ
809 4171 928 4258 Πέρσαι
952 4163 1150 4255 σατραπηΐην
1163 4166 1326 4246 καλέουσι,
