2986 4988
705 355 750 424 85

273 540 347 608 409.
390 538 479 608 radix
501 546 559 606 rut
580 539 689 608 lucere
712 541 775 608 late
798 539 925 606 diffusa:
939 541 998 606 ad.
1014 537 1154 611 reodaiih
1169 539 1288 620 lruueu,

183 667 232 736 ps.
255 643 495 714 roianluoidus
522 648 578 712 rba
605 643 672 712 dies
695 645 769 714 rabi
792 644 969 714 coruscatio
994 644 1106 712 deinde
1129 645 1169 712 ad
1185 664 1286 732 equos

183 748 406 840 significandos
430 750 617 816 translatum
639 778 680 806 :2
705 773 767 839 syr·
789 747 886 818 rakto
909 760 942 818 et
963 748 1052 816 hebr.
1075 745 1178 816 relteb.
1201 769 1285 836 pers.

182 857 321 920 sarnand·
339 863 388 920 est
410 853 523 944 spadix
553 865 585 920 et
610 877 676 920 nou
705 854 797 924 nimia
820 854 923 922 audax
951 853 1084 922 videbor
1106 852 1132 920 si
1154 850 1286 920 lluvinm

182 957 414 1026 Scamandrum
444 958 500 1047 qui
529 967 562 1025 et
583 956 704 1039 §ababa
731 959 906 1028 vocabatur
932 958 997 1025 huc
1023 955 1183 1024 traxerim.
1212 954 1286 1022 licet

183 1061 359 1155 Maeander
374 1062 508 1128 eandem
530 1064 787 1132 terminationem
803 1063 925 1132 habens
942 1063 974 1128 in
991 1059 1202 1152 explicatione
1218 1082 1285 1126 uon

184 1167 321 1257 separari
336 1192 354 1232 a
370 1166 565 1234 Scamandro
581 1191 677 1259 posse
699 1167 852 1250 videatur,
876 1180 983 1235 tamen
1003 1166 1212 1236 Maeandrum
1225 1164 1284 1232 llu-

183 1271 271 1338 airam
292 1271 466 1340 Maeonum
488 1273 541 1340 vel
562 1272 726 1362 Lydorum
747 1272 936 1362 interpretor
958 1271 1031 1338 coll.
1054 1270 1103 1336 sk.
1125 1270 1212 1352 roda,
1235 1270 1287 1336 nd.

183 1377 289 1457 raoda‚
311 1399 392 1466 pers.
407 1377 465 1441 rbd
488 1377 617 1443 flumen.
642 1377 663 1441 d
685 1376 839 1443 insertum
861 1389 897 1442 ut
918 1377 950 1441 in
974 1367 1097 1457 ἄωρός.
1121 1397 1198 1442 arm.
1214 1374 1285 1464 loy!

183 1479 294 1546 lumen
315 1507 357 1536 =
381 1502 428 1544 os.
452 1481 528 1546 rohs
552 1481 637 1546 ruhs.
660 1478 734 1546 hinc
749 1504 833 1570 pers.
855 1479 1002 1546 alrblrtan
1024 1477 1208 1556 incendere,
1232 1477 1287 1542 im·

184 1593 283 1672 perat.
308 1583 404 1650 alrbz.
433 1583 541 1650 larrub
564 1584 675 1652 beatus
698 1585 872 1674 praemissa
902 1582 1136 1672 praepositione
1163 1605 1220 1671 pra
1245 1581 1285 1648 cl.

184 1711 261 1753 arm.
285 1681 516 1757 omoi'laetus.

271 1792 345 1860 tto.
391 1793 420 1860 ci
448 1794 597 1884 colligere
626 1795 718 1862 class.
749 1794 878 1883 quintae
908 1817 991 1884 quac
1020 1817 1062 1860 nu
1091 1792 1208 1860 inserit.
1237 1813 1278 1882 ps

182 1897 276 1962 aldan
297 1897 408 1983 imper.
431 1901 482 1963 din
498 1900 541 1964 id.
555 1911 589 1965 et
610 1909 722 1986 postea
746 1917 876 1986 carpere
899 1899 1036 1966 evellere
1061 1927 1100 1952 :-·
1126 1896 1286 1964 abberad.

181 2023 282 2090 quum
316 2025 334 2065 a
372 2000 552 2088 colligendo
583 2000 765 2088 laphetitae
795 2000 1019 2088 cogitationem
1056 1998 1288 2066 nominaverint

182 2104 338 2190 (Scenitae
361 2114 471 2170 contre
492 2103 573 2192 haga
596 2127 614 2168 a
636 2103 828 2192 separando)
851 2114 884 2170 et
905 2103 967 2170 uici
990 2126 1077 2170 caus.
1106 2102 1146 2169 sit
1174 2101 1285 2170 intelli·

181 2233 256 2300 gere
278 2208 456 2299 percipere,
484 2207 596 2275 locere·
611 2231 676 2276 uon
699 2229 831 2299 possum
852 2208 929 2298 quin
953 2208 1001 2276 slr.
1026 2208 1068 2276 cit
1090 2231 1285 2298 cognoscere

183 2324 216 2380 ot
238 2313 343 2403 tiatay
365 2312 508 2380 meditari
531 2313 571 2380 ad
593 2313 623 2380 ci
645 2337 804 2383 revocem.
828 2314 905 2382 item
920 2325 1074 2404 cognatae
1096 2313 1219 2380 radices
1234 2320 1287 2380 tat

181 2418 249 2502 (v'el
271 2418 346 2505 ded)
368 2441 527 2508 quaerere·
549 2429 658 2507 petere
686 2418 770 2486 atlire
797 2448 836 2476 z:
859 2441 904 2507 gr.
928 2421 1060 2497 aaran,
1088 2419 1143 2491 lat.
1168 2429 1285 2509 petere,

180 2521 269 2612 goth.
292 2522 413 2609 ltinpan
434 2543 550 2608 capere
566 2531 599 2586 et
620 2521 745 2586 handus
767 2545 880 2588 manus
903 2527 964 2606 (rs.
980 2516 1088 2594 κοντὸς
1110 2523 1151 2590 cl.
1174 2517 1287 2600 κόνὸος

179 2620 346 2710 κόνδυλος)
370 2623 515 2712 handugs
530 2622 656 2712 sapiens
672 2649 712 2682 s:
730 2623 858 2690 bebend
874 2648 939 2712 quo
958 2623 990 2690 in
1013 2625 1169 2714 adjectivo
1191 2625 1287 2694 indici

182 2729 288 2816 tintay
315 2751 445 2794 sensum
481 2726 586 2794 adhuc
613 2751 807 2818 cognoscere
838 2727 915 2794 mibi
942 2726 1061 2794 videor.
1095 2727 1215 2813 syllaba
1242 2751 1287 2798 uu

181 2831 292 2898 dussis
314 2831 443 2920 qrrirrtae
465 2831 498 2898 in
520 2830 659 2898 radicem
688 2832 806 2900 adsciti
835 2843 920 2900 natu·
933 2831 1034 2898 lorrna
1058 2837 1118 2898 can
1141 2833 1286 2903 occidere

180 2959 304 3002 sonare.
334 2940 429 3000 tanos
457 2934 562 3001 hostia
595 2959 688 3002 caesa
711 2937 743 3002 ni
765 2936 858 3004 malis
887 2937 928 3004 de
957 2959 1048 3004 soma
1077 2960 1151 3004 cum
1180 2939 1287 3008 souitu

180 3040 274 3108 toties
297 3039 428 3107 laudato
450 3038 590 3110 stillante
611 3040 806 3132 interpretari
828 3041 1026 3124 sacrificium,
1050 3069 1090 3100 2:
1114 3043 1168 3112 lat.
1184 3068 1287 3134 penus

179 3145 199 3210 i.
223 3171 250 3213 e.
274 3169 370 3212 omne
393 3169 460 3234 quo
482 3145 627 3214 homines
650 3159 821 3219 vescuntur
844 3160 877 3218 et
901 3148 1069 3218 delubrum
1090 3150 1175 3217 unde
1191 3173 1285 3240 pena·

180 3259 230 3316 tes
251 3248 272 3313 i.
288 3274 321 3339 q.
343 3249 462 3314 sitnm
484 3249 637 3316 Hebraeis
661 3250 701 3317 cl.
720 3252 845 3318 turlat¹¹¹¹
868 3283 909 3308 ια
926 3249 1068 3318 ni‘mauu
1091 3264 1122 3317 et
1144 3254 1285 3320 radicem

179 3352 283 3444 p-rul.
296 3351 347 3420 sk.
356 3359 456 3420 tantu
468 3364 605 3420 rostrum
617 3356 724 3443 (cujus
735 3355 823 3422 vocis
834 3355 958 3446 syllaba
970 3354 1127 3444 posterior
1134 3356 1285 3426 suffixum

180 3467 241 3536 est)
265 3485 306 3512 r:-
323 3481 402 3522 arm.
424 3455 508 3544 gang
521 3481 631 3522 musca
655 3459 723 3547 apis
737 3459 864 3549 proprie
887 3481 1042 3548 pungens.
1067 3459 1182 3530 eodem
1205 3486 1283 3540 arm.

180 3558 263 3650 gank
286 3581 388 3625 uncus
410 3557 524 3646 unguis
542 3587 582 3616 :a
606 3560 646 3626 al.
671 3582 719 3649 ps.
742 3567 823 3651 tang
845 3562 897 3630 vel
919 3559 1002 3654 gang
1022 3561 1143 3634 bellum
1159 3591 1284 3659 pugnus

178 3675 317 3732 rostrum
332 3662 447 3754 augrus
457 3661 609 3731 nablium.
632 3662 706 3732 binc
718 3671 833 3756 tangar
844 3667 1004 3736 vitriolum
1016 3670 1129 3766 rubigo
1143 3697 1161 3740 a
1174 3675 1285 3741 roden-

179 3772 221 3840 do
244 3769 365 3837 dictum
387 3794 429 3828 =
452 3791 529 3834 arm.
552 3791 600 3858 ps.
625 3770 705 3862 lang
733 3782 765 3838 et
793 3774 904 3864 tangal
932 3779 1045 3868 tangil
1071 3778 1158 3867 digiti
1184 3777 1285 3845 honri-

178 3877 226 3942 nis
247 3871 556 3964 comprehendentes
571 3895 672 3940 uncus
693 3875 843 3968 harpago,
866 3881 996 3970 tangdla
1017 3883 1123 3950 trulla..
1144 3877 1205 3969 alg-
1223 3885 1285 3948 etn-

180 3983 239 4065 tay
261 3977 386 4059 vannis,
411 3979 482 4046 tina
505 3976 636 4044 sonitus.
660 4003 742 4070 pers.
766 3981 834 4050 diua
858 3989 929 4052 tina
953 4007 1026 4052 esca
1049 3986 1167 4064 avium,
1191 3990 1285 4054 tantu

179 4101 235 4146 oor
258 4105 275 4144 a
297 4083 465 4170 cogitando
488 4082 607 4151 dictum
630 4115 670 4144 -τ
694 4086 765 4154 ved.
790 4094 885 4154 tarne
908 4088 1040 4177 Rigved.
1064 4089 1119 4168 Vl,
1142 4092 1172 4158 3.
1197 4092 1228 4157 2.
1253 4094 1281 4159 1.
