2930 4992
750 400 795 466 'ld

209 582 343 670 ἐπείγειν
364 584 453 652 cuins
474 583 611 650 formam
633 581 812 673 simplicem
834 582 990 651 babemus
1010 585 1042 651 in
1064 583 1119 652 lau
1142 585 1236 675 igitur
1252 585 1269 649 i.
1286 611 1315 652 e.

207 689 364 778 colligitur
384 687 596 755 necessarium
619 698 682 768 est,
711 711 788 752 arm.
811 685 867 768 bet
888 711 1000 755 cursus
1013 689 1183 778 vestigium
1200 689 1317 756 eodem

209 793 307 860 modo
329 793 370 858 nd
392 791 449 857 sad
471 789 608 881 pertinet
629 813 695 880 quo
717 815 763 880 gr.
786 783 861 863 ὁδός
883 783 1042 878 (ismae)
1070 803 1103 859 et
1123 791 1214 874 what
1234 792 1315 857 timi.

208 897 268 963 dus
290 896 340 962 sk.
361 895 451 962 visad
473 893 579 960 animo
601 893 702 982 linqui
723 917 850 983 pavere.
879 896 1024 983 proxime
1052 896 1163 962 affines
1190 897 1315 963 radices

208 1001 256 1068 sk.
277 999 335 1066 sdd
362 1007 397 1065 et
423 997 528 1064 sidet
555 1021 573 1064 e
596 1021 676 1062 voce
703 999 817 1064 sddvas
844 997 940 1064 timor
967 999 1114 1066 videmus
1141 999 1228 1088 stirpi
1256 1001 1315 1066 ssd

208 1105 304 1170 etiam
337 1101 578 1192 perturbationis
611 1123 743 1167 sensum
773 1101 919 1168 infuisse:
950 1102 978 1168 si
1007 1104 1158 1171 scitnlum
1182 1103 1314 1170 Arnobii

208 1205 331 1274 bellum
353 1205 499 1296 pulcrum
528 1203 725 1292 interpretari
753 1205 871 1294 placet,
903 1205 951 1272 sk.
981 1206 1069 1272 sidda
1099 1217 1231 1273 vocatur
1260 1209 1315 1296 qui

208 1309 357 1378 omnibus
378 1308 519 1374 numeris
547 1307 712 1375 absolutus
740 1321 801 1391 est,
835 1309 883 1374 sin
911 1309 1115 1399 prudentem,
1150 1311 1208 1377 sdd
1229 1313 1315 1400 apud

207 1413 390 1482 Kalidesem
412 1411 507 1479 etiam
531 1435 725 1502 cognoscere
739 1412 923 1503 intelligere.
947 1413 1082 1503 cogitavi
1097 1413 1193 1480 etiam
1209 1414 1248 1480 de
1264 1414 1313 1480 sk,

206 1529 296 1609 satya
319 1511 408 1590 ἔτιὸς.
988 1505 990 1508 ¹

297 1625 328 1688 7·
373 1619 569 1709 Hesychius:
599 1613 831 1704 βαὲυῤῥνῃήλη
853 1619 966 1694 ἰκτῖνος
987 1615 1047 1684 dud
1068 1622 1191 1690 Audebo.
1214 1645 1309 1710 quum

207 1747 266 1790 nos
289 1745 382 1789 avem
404 1721 543 1810 aliquam
565 1746 714 1810 rapacem
736 1722 937 1790 nominemus
960 1725 1185 1808 entensttilser,
1210 1727 1307 1792 inesse

207 1824 344 1918 putarim
377 1848 424 1914 ps.
452 1824 516 1913 bal)
551 1823 603 1892 vel
625 1824 687 1910 bat,
722 1850 796 1895 arm.
827 1827 892 1892 bad
913 1850 999 1894 anas.
1027 1827 1067 1895 de
1097 1842 1188 1920 parte
1216 1829 1309 1896 altera

206 1929 284 1997 nihil
307 1927 432 2011 definio,
453 1927 529 1995 licet
550 1920 694 2013 βρηγάλη
717 1931 887 1999 emendare
909 1931 1071 1997 suadeam,

294 2035 327 2103 8.
364 2031 559 2123 Hesychius:
582 2023 740 2118 βάκκαρις
760 2027 862 2120 μύρον
882 2029 972 2098 ποιὸν
993 2029 1055 2097 ἀπὸ
1078 2029 1211 2118 βοτάνης
1232 2031 1312 2119 ‹ipsu›-

152 2209 155 2218 ,
206 2134 318 2224 νόμου,
342 2128 416 2200 ἔνιοι
438 2131 475 2200 dl
496 2129 561 2200 οἱπό
582 2132 746 2219 pertusione,
767 2128 858 2217 ἄλλοι
880 2135 916 2202 dl
936 2133 1039 2221 μύρου
1059 2133 1175 2204 aionon.
1200 2129 1263 2202 ε”οτι
1277 2132 1314 2202 δὲ

206 2236 263 2306 καὶ
295 2233 390 2323 ξηρὸν
416 2231 587 2320 διάπασμα
618 2231 653 2300 rb
680 2236 744 2302 ἀπὸ
771 2243 823 2318 γῆς
850 2235 941 2322 ῥίζης.
985 2241 1102 2308 Pollux
1130 2241 1197 2325 Vll,
1233 2243 1311 2308 104:

206 2340 294 2431 μίρα
314 2337 435 2422 ἥδεσαν
455 2333 512 2402 καὶ
533 2331 693 2425 βῶιοωριυ
712 2336 769 2406 :sai
791 2335 962 2427 ἀμάρακον
981 2339 1039 2409 καὶ
1062 2337 1165 2430 ἴρινον.

295 2447 326 2512 ll.
371 2443 568 2534 Hesychius:
596 2441 791 2526 βασαινιπής
823 2443 914 2521 ttsoa
935 2439 1015 2512 οὕτω
1036 2446 1161 2535 λέγεται
1181 2450 1311 2514 λυὸικοῦ

207 2544 304 2623 tte-ov
325 2541 418 2632 γένος
439 2542 494 2612 καὶ
517 2545 607 2622 λίθος
629 2543 789 2632 βάσανος,
815 2539 1100 2636 ᾧπαρατρῖβωπες
1121 2550 1157 2618 ed
1178 2546 1309 2638 χρυσίου

207 2647 406 2746 ἐδοκίμαζον.
429 2651 476 2719 sk.
501 2649 616 2741 plldua
635 2664 673 2720 et
695 2653 806 2721 nilrasa
828 2655 999 2746 Megadlrta
1023 2657 1068 2726 38
1089 2659 1143 2726 vel
1165 2656 1250 2723 kasa.

296 2759 347 2824 10.
391 2755 508 2823 Pollux
533 2755 599 2836 Vll,
621 2757 679 2823 59:
702 2753 834 2843 βασάρα
856 2760 970 2824 Λυδῶν
990 2753 1087 2837 xeroiv
1107 2785 1152 2835 me
1178 2765 1300 2825 drumm

206 2854 286 2934 οκὸς
310 2852 450 2943 ποδήρης.
483 2881 551 2924 non
576 2859 701 2927 ridetur
728 2864 852 2955 sejungi
885 2887 983 2953 posse
1016 2863 1056 2929 ab
1091 2865 1160 2931 aliis
1194 2863 1316 2953 aliquot

206 2963 380 3034 vocabulis.
425 2962 621 3053 Hesychius:
658 2959 823 3050 βασσᾶραι
856 2965 999 3046 χιτῶνες,
1031 2955 1085 3041 olle
1118 2960 1253 3049 s’tpdpovv
1280 2963 1317 3027 ui

206 3063 339 3152 βρᾷκιοι
361 3058 486 3148 βάκχαι
508 3077 542 3132 et
563 3063 744 3150 βασσάρεια
766 3071 807 3132 rol
828 3067 1003 3134 ἀλωπὲκεια
1024 3068 1055 3132 οἱ
1068 3064 1181 3148 Λίβυες
1201 3062 1315 3149 λέγου-

206 3195 257 3234 κιο
278 3168 420 3259 (vulpina
442 3167 527 3258 pelle
550 3171 656 3236 vestiri
676 3174 825 3240 amabant
850 3173 991 3242 Thraces
1028 3169 1144 3238 Herod.
1160 3169 1233 3251 Vll,
1255 3171 1317 3236 75:

209 3272 338 3366 Θρήϊκες
360 3273 409 3343 ἐπὶ
429 3281 500 3364 τῇσι
515 3271 672 3360 neonifio:
687 3273 869 3351 ἀλωπεκέας
885 3269 1018 3355 ἔχοντες.
1056 3273 1205 3364 Xenoph.
1221 3272 1315 3338 anab.

205 3387 274 3469 Vll,
296 3387 327 3452 1.
351 3384 388 3452 tl:
417 3381 447 3446 ol
469 3384 590 3466 Θρᾷκες
616 3375 673 3454 τὰς
700 3377 897 3454 ἀλωπεκίδας
924 3375 972 3444 ἐπὶ
994 3385 1062 3452 ταῖς
1083 3381 1240 3460 κεφαλαῖς
1257 3401 1313 3456 φο-

206 3487 297 3572 ροῦσι
319 3480 375 3550 καὶ
396 3491 458 3564 τοῖς
480 3480 570 3550 ὠσίν.
593 3483 633 3550 de
656 3484 793 3552 bassaris
814 3485 934 3576 Libyae
954 3483 1028 3551 vide
1043 3482 1162 3550 Herod.
1177 3481 1232 3562 lv,
1251 3480 1313 3548 ts:

205 3589 261 3656 ubi
283 3611 349 3655 vox
370 3613 436 3656 non
459 3589 629 3677 exponitur
643 3589 701 3654 sed
715 3589 830 3679 vulpes
845 3613 863 3656 e
879 3589 1027 3678 catalogo
1042 3588 1182 3655 feramur
1198 3585 1313 3661 abest).

205 3691 377 3762 scholiasta
399 3691 497 3758 Persii
519 3692 542 3772 1,
568 3693 645 3758 101:
668 3693 811 3758 Bassaris
833 3692 902 3779 ipsa
925 3691 1053 3779 Agaue,
1077 3716 1095 3758 a
1119 3713 1183 3780 qua
1205 3688 1313 3754 bassa·

204 3799 289 3866 rides
310 3817 424 3864 omnes
447 3792 589 3861 bacchae
612 3791 714 3858 dictae
736 3803 826 3878 sunt,
857 3794 914 3860 sed
941 3793 1035 3862 etiam
1064 3795 1146 3861 liber
1167 3801 1258 3882 pater
1279 3799 1315 3856 ut

205 3900 355 3970 Horatius
377 3900 420 3985 (1,
447 3898 497 3966 18.
523 3899 593 3981 11):

470 4025 537 4070 non
559 4025 619 4093 ego
642 4010 690 4084 te,
712 4002 843 4070 candide
866 4004 1033 4082 Bassareu,

470 4106 604 4175 invitum
626 4104 777 4194 quatiam.

205 4208 393 4302 quibusdam
416 4210 540 4278 videtur
566 4233 584 4275 a
607 4230 722 4297 genere
750 4206 862 4292 vestis,
895 4227 958 4296 qua
980 4203 1075 4272 Liber
1098 4213 1189 4294 pater
1216 4205 1315 4271 utitur
