2930 4992
137 559 307 652 Spalatali
330 557 466 624 carebat.
490 558 555 643 jam
578 554 605 620 si
627 551 795 644 Babylonii
810 550 986 618 Saceorum
1009 571 1126 617 nomen
1150 548 1241 614 litera

137 662 274 731 sibilanti
296 660 470 740 munibant‚
496 659 563 724 sieri
585 682 651 724 non
673 667 782 747 potest
804 655 881 745 quin
905 654 1022 748 aricam
1038 651 1190 741 originem
1205 651 1242 718 iis

137 767 354 856 abjudicemus
377 765 580 852 linguamque
603 761 801 850 germanicae
824 783 862 826 ac
885 758 1001 824 latinae
1024 777 1179 824 cooevam
1193 753 1244 820 tri·

136 871 284 935 buamus.
307 869 410 934 indice
427 866 553 933 Orionis
575 889 695 932 nomen
716 863 920 959 scribendum
942 885 1058 928 censeo
1082 851 1147 925 soii
1170 858 1244 924 ami-

136 997 194 1038 cus
218 971 282 1052 (ad.
304 965 389 1054 haiti)
413 983 444 1037 et
465 968 668 1036 referendum
696 968 734 1032 ad
758 965 868 1032 Haruti
891 965 1072 1054 Illarutique
1094 961 1244 1030 fabulam.

138 1077 241 1142 forma
270 1073 353 1139 arica
384 1073 505 1162 indicae
539 1071 687 1139 sarvatati
713 1066 820 1148 ’ὁλότης
851 1068 1048 1157 respondens
1075 1069 1126 1134 zd.
1154 1067 1245 1133 baur-

138 1182 226 1245 vatbt
248 1177 300 1242 vel
322 1177 464 1258 haurvat,
486 1201 518 1266 p.
542 1174 674 1253 hordad,
696 1171 971 1254 Mulrammedanis
994 1171 1111 1252 Harae
1138 1171 1245 1236 Marut

138 1281 222 1347 idern
246 1280 300 1369 qui
324 1281 373 1346 zd.
396 1280 566 1360 Ameretat,
588 1302 621 1367 p.
644 1277 785 1357 Mardad
807 1275 960 1342 Hebraeis
982 1273 1117 1341 Nimrod
1139 1282 1246 1362 (nega-

137 1383 216 1450 tioni
245 1409 262 1448 a
294 1384 353 1448 alia
382 1383 415 1448 ui
437 1382 606 1447 substituta
628 1391 664 1445 ut
686 1404 717 1468 p.
740 1379 835 1444 nifrln
856 1379 1037 1444 maledictio
1062 1379 1101 1444 ad
1124 1378 1172 1444 sk.
1196 1381 1246 1466 pri

137 1510 246 1556 amare
275 1485 380 1566 redit).
409 1483 535 1548 fabulae
562 1483 646 1548 illius
674 1483 848 1570 fragmenta
877 1482 998 1570 primus
1026 1481 1140 1570 collegi
1161 1481 1247 1569 apud

129 1589 240 1654 ludos
262 1587 364 1652 schol.
384 1582 477 1676 'Rigu
505 1587 576 1666 105,
600 1587 630 1652 9.
657 1587 713 1650 17:
736 1583 820 1672 apud
842 1583 1008 1656 Hebraeos
1024 1584 1139 1650 Genes.
1163 1585 1193 1665 6,
1218 1587 1245 1651 1:

136 1691 224 1781 apud
247 1691 387 1757 Graecos
409 1689 541 1757 Lobeck
564 1687 722 1779 Aglaoplr.
746 1687 798 1768 Ill,
822 1689 851 1754 6.
880 1690 912 1754 1:
941 1686 1026 1777 apud
1048 1685 1247 1767 Muhamme·

135 1795 237 1860 danos
260 1794 372 1879 Qordn
395 1795 425 1875 2,
449 1795 507 1862 96:
529 1793 562 1858 in
584 1816 672 1859 novo
695 1801 887 1858 testamento
912 1789 1247 1870 lcor.11,10.sen-

138 1897 255 1964 tentiae
278 1921 369 1963 meae
393 1897 591 1962 confirmatio
615 1919 728 1984 magna
753 1894 874 1960 accedit
903 1893 1073 1960 enomine
1095 1891 1247 1958 Anaitidis

138 2026 237 2090 quam
259 2001 361 2066 Harut
383 2011 416 2064 et
438 1998 545 2064 Illarut
567 2008 811 2086 persequuntur.
833 2021 908 2060 nam
930 2018 1031 2082 quum
1052 1995 1194 2061 Haorvat
1215 2004 1249 2061 et

139 2105 305 2166 Ameretat
325 2101 441 2166 diserte
462 2099 574 2181 Apvini
596 2108 751 2164 vocentur
772 2096 920 2162 Burnouf
938 2097 1248 2185 joum.asiat.1840

137 2204 179 2284 ll,
202 2225 232 2289 p.
256 2201 332 2278 344,
353 2201 465 2286 Acvini
492 2225 568 2268 vere
592 2199 686 2266 etiarn
703 2199 865 2288 Nasatytu
893 2199 1029 2281 audiant,
1058 2200 1237 2267 commodis

136 2306 218 2371 sime
240 2303 364 2370 Anabtd
388 2329 445 2394 per
467 2302 668 2391 Andonhaibl
691 2301 920 2392 explicabimus
943 2303 1112 2386 (cf.Vend.
1126 2303 1248 2393 patto)
1349 2345 1351 2350 ·

138 2407 351 2496 Nasatyarum
379 2409 431 2474 vel
459 2408 654 2493 Apviuorum
677 2405 811 2472 inimica.
845 2443 882 2456 -·
912 2429 1024 2472 verum
1046 2407 1086 2472 ad
1111 2406 1248 2495 Babylo·

136 2511 207 2577 nios
234 2511 442 2576 redeundum.
470 2511 552 2578 inter
580 2533 678 2576 voces
707 2508 912 2597 babylonicas
939 2509 1017 2576 mihi
1044 2521 1135 2576 notas
1166 2511 1248 2576 duae
1453 2573 1454 2580 ,

136 2625 211 2680 sunt
241 2613 295 2702 qui
324 2613 480 2703 populum
509 2637 575 2679 non
607 2612 728 2678 arieum
756 2611 853 2678 fuisse
888 2612 1064 2681 certissimo
1096 2613 1246 2700 probent:

136 2713 247 2793 σίντην
275 2712 395 2798 σεμνὴν
417 2710 607 2797 Βαβυλώνιοι
630 2713 769 2806 Hesych.
799 2715 855 2780 ubl
876 2715 941 2780 lam
965 2715 1004 2781 ls.
1027 2714 1178 2782 Vossiust
1206 2737 1247 2780 ex

139 2817 250 2884 ordine
273 2818 375 2884 scribe
404 2813 550 2903 υἰνᾶγην.
573 2818 663 2885 radix
691 2818 739 2886 sk.
767 2842 825 2884 san
847 2818 955 2885 colore
977 2817 1129 2910 uenerari,
1162 2817 1248 2885 unde

137 2921 225 3010 goth.
239 2920 363 3010 sineigs,
379 2922 433 2987 lat.
448 2945 546 2988 senex
560 2929 652 3004 (arm.
665 2921 720 3002 bin
729 2933 831 3004 vetus,
845 2922 903 2988 litt.
916 2924 1018 3002 senas,
1030 2931 1100 2987 scot
1112 2924 1204 3004 sean)
1216 2931 1249 2988 et

136 3024 261 3091 sinister
277 3025 329 3110 (δι’
345 3020 511 3108 εὐφημίαν.
536 3025 707 3092 formatum
725 3035 761 3090 ut
773 3025 914 3091 minister
931 3049 949 3092 a
964 3046 1049 3103 man,
1064 3022 1214 3111 magister
1229 3046 1246 3087 a

135 3127 235 3206 mah).
252 3129 392 3217 itemque
408 3128 651 3219 hesycbianum:
667 3121 755 3201 cade
771 3121 854 3207 ἥλως
865 3117 1057 3209 Βαβυλώνιοι
1073 3126 1247 3216 quodcum

136 3230 185 3295 sk.
206 3229 306 3312 savitr
333 3229 421 3320 goth.
446 3233 525 3296 sau'r'l
554 3241 737 3320 cognatum.
761 3228 868 3296 savubi
895 3231 982 3296 idem
1009 3251 1112 3317 paene
1135 3229 1248 3318 signifi·

135 3332 221 3400 cabit
243 3333 329 3422 quod
354 3333 450 3412 savitr
481 3334 558 3422 quid
581 3334 608 3398 si
630 3333 772 3422 glossam
795 3331 963 3420 Hesycbii:
992 3325 1084 3406 Σεχές
1106 3331 1163 3392 τοῦ
1181 3327 1247 3414 Ἑρ.

134 3435 198 3518 μοῦ
220 3428 327 3517 ἀστὴρ.
363 3425 556 3514 Βαβυλώνιοι
579 3459 637 3524 per
660 3433 799 3504 radicem
822 3439 940 3523 sartrya
962 3453 1130 3496 numerare
1152 3457 1248 3524 expo·

135 3537 305 3600 neremus?
338 3528 516 3622 sablyasnu
555 3547 740 3602 numerator
773 3558 892 3604 nomen
919 3534 1077 3602 Mercurio
1105 3536 1248 3625 apprime

136 3649 249 3728 aptum
273 3637 313 3702 cf.
330 3636 352 3718 l,
376 3638 427 3702 ⁸20.
450 3637 593 3726 glossam
616 3631 700 3716 σάνη
723 3629 877 3720 ὁκόσμος
897 3635 1094 3720 βαβυλώνιος
1115 3663 1181 3705 non
1203 3639 1247 3703 in-

134 3741 259 3831 telligo:
288 3740 394 3830 bagou
416 3751 498 3810 teste
522 3739 622 3808 Plinio
647 3739 727 3822 Xlll,
747 3745 767 3808 a
799 3740 988 3832 babylonice
1016 3743 1132 3834 spado,
1162 3741 1248 3827 quod

133 3847 205 3914 vide
234 3871 312 3910 num
342 3867 415 3910 cum
446 3845 494 3912 sk.
518 3843 602 3934 baga
625 3844 720 3911 vulva
742 3843 923 3912 cohaereat.
946 3856 1089 3914 ceterum
1105 3834 1249 3925 ζωγάνην

135 3947 256 4016 dudum
286 3949 343 4016 sed
370 3948 480 4015 nescio
512 3967 578 4037 quo
606 3945 673 4014 iure
703 3971 777 4016 cum
799 3947 889 4015 hebr.
911 3963 1004 4039 s⁰gan
1026 3954 1247 4035 comparatum

116 4109 117 4112 ,
139 4051 216 4114 mibi
236 4049 471 4140 inexplicabile.
