2930 4992
665 297 701 360 11

223 490 253 556 l.
298 484 472 572 Procopius
502 482 534 548 b.
561 501 647 569 pers.
677 478 699 558 l,
725 480 762 544 7:
807 469 862 538 ado
894 468 1007 554 Σεόσην
1038 471 1238 558 ἀδρασταδα.

134 587 339 676 paroaldum
367 581 467 660 εὐθὺς
494 577 608 647 ἀνεῖπε.
637 573 771 644 δύναται
798 573 834 642 dl
859 579 950 641 cufim
975 570 1029 640 τὸν
1055 570 1103 640 e’rtl
1125 573 1241 662 ἀρχαῖς

134 722 165 758 τε
185 693 268 778 ὁμοῦ
288 687 345 757 καὶ
367 681 567 774 πρατιώταις
589 676 708 748 ἅπασιν
730 681 898 766 ἐφεστῶτα.
920 680 963 746 ib.
987 681 1012 758 l,
1037 682 1092 748 11:
1114 677 1133 759 ἡ
1155 673 1240 764 ἀρχὴ

135 797 171 861 ἐκ
193 789 311 860 Σεόσου
337 789 498 877 ἀρξαμένη]
522 787 553 862 ἒς
575 783 672 850 αὐτὸν
694 780 900 870 ἕτελεῦτησεη
927 775 1026 868 ἕτερος
1051 777 1118 868 γὰρ
1145 781 1239 867 ἀδρα-

132 890 443 984 σταδαραυσαλοὶνης
471 887 570 966 οὐδεὶς
596 888 739 976 γέγονεν.
774 889 811 970 dp
837 900 961 971 tenere,
994 910 1108 977 graece
1135 884 1241 960 &itero

135 1004 225 1087 (hinc
248 995 354 1078 βόλος,
376 990 480 1078 notia,
504 987 653 1078 βάλαμος
675 995 791 1085 quibus
813 990 967 1060 retinendi
996 991 1241 1080 continendique

135 1129 247 1172 sensus
270 1101 456 1171 communis.
480 1091 648 1182 ὀφραλμὸς
671 1123 702 1187 q.
725 1099 755 1166 d.
780 1097 960 1164 aklidarma
980 1096 1033 1164 vel
1053 1093 1240 1162 atsidarana

136 1209 246 1274 oculos
261 1205 449 1288 continens),
470 1203 597 1295 gothice
619 1201 736 1290 dailjan
754 1196 957 1284 μεταδιδόναι
979 1212 1029 1268 est
1043 1200 1146 1268 forma
1170 1223 1241 1266 cau-

132 1309 395 1398 sativa-darayati
421 1308 517 1374 tradit
549 1308 604 1372 dat
631 1304 768 1396 Yagurv.
797 1307 834 1386 8,
868 1307 909 1372 51
948 1304 1048 1384 (daila
1074 1297 1193 1387 μενοχῆ
1220 1305 1241 1369 2

134 1413 209 1480 Cor.
238 1415 269 1493 6,
297 1412 356 1478 14:
395 1410 447 1476 dal
481 1403 610 1492 φάραγξ
643 1399 783 1490 {dimoc
814 1409 834 1472 i.
868 1431 900 1494 q.
930 1406 979 1472 slr.
1013 1405 1114 1490 dara).
1149 1431 1241 1474 voca-

134 1513 247 1580 bulum
283 1513 417 1580 latinum
457 1523 543 1578 certo
577 1512 641 1578 huc
673 1509 866 1578 trahendum
899 1508 977 1574 mihi
1014 1533 1080 1576 non
1119 1520 1240 1588 notum,

136 1618 254 1682 ferrum
276 1640 335 1706 pro
359 1616 480 1692 tersum
503 1615 622 1682 dictum
645 1638 663 1680 a
686 1612 740 1694 dri
763 1612 890 1680 laedere
912 1611 999 1696 (dara
1023 1613 1132 1693 acies).
1162 1637 1239 1680 arm.

134 1720 271 1802 handart
284 1721 435 1788 immotus
458 1718 585 1809 quietus
607 1718 750 1809 placidus
773 1717 793 1784 i.
817 1741 848 1808 q.
873 1715 921 1784 slt.
944 1717 1084 1798 samdrta
1108 1719 1238 1803 (samdp.

136 1847 290 1914 menyum
305 1825 467 1892 continere
488 1823 570 1890 iram
586 1819 716 1888 Mahab.
742 1823 770 1902 1,
793 1822 895 1888 3323:
924 1819 1032 1902 trindn
1055 1821 1139 1890 sitim
1154 1824 1241 1912 petil:

137 1928 210 2017 quia
233 1927 270 2008 dr
292 1927 388 1993 ctiam
410 1927 684 2014 recuperationem
706 1923 807 1988 innuit
827 1924 912 2004 unde
934 1926 1112 1992 revertendi
1127 1951 1241 1994 sensus

136 2030 229 2096 facilc
257 2030 336 2110 fluit,
363 2053 441 2094 arm.
471 2026 581 2108 dapnal
608 2024 723 2092 reverti
752 2035 784 2088 et
805 2024 911 2112 ipsum
933 2025 973 2090 ad
995 2025 1032 2106 dr
1054 2026 1169 2094 refero.
1193 2029 1243 2094 cui

138 2154 239 2222 quum
253 2153 469 2221 synonymum
484 2129 524 2196 sit
547 2127 662 2209 dariel,
684 2125 823 2192 radicem
845 2126 982 2196 indicam
1004 2129 1101 2196 etiam
1117 2129 1176 2222 dpg
1192 2155 1241 2200 so-

137 2259 230 2301 nasse
263 2243 407 2324 apparet,
443 2232 530 2322 quod
561 2231 625 2296 iam
659 2229 818 2296 vocabulo
851 2234 1030 2323 composito
1065 2234 1242 2326 pindkadrk

140 2342 254 2424 (nom.)
268 2336 444 2404 tridentifer
458 2334 619 2424 probatur.
642 2332 727 2423 (Νἰὲ.
751 2333 789 2415 ll,
814 2335 854 2402 14
877 2335 955 2427 drag
976 2338 1044 2424 ire.)
1068 2341 1107 2404 ad
1123 2337 1182 2429 drg
1195 2365 1242 2407 re-

137 2443 183 2509 dit
204 2468 235 2531 p.
260 2443 377 2508 andarz
398 2448 634 2519 testamentum,
649 2447 866 2525 pracceptum,
877 2441 1043 2524 monitum,
1059 2442 1139 2508 seria
1156 2467 1241 2512 corn-

137 2547 296 2614 mendatio
330 2547 401 2634 (pro
432 2541 575 2610 handarz
606 2539 727 2606 dictum
760 2539 843 2606 sicut
874 2542 1094 2633 inscriptiones
1123 2546 1242 2615 habent

136 2651 249 2716 nbarta
274 2673 399 2736 uvappa
423 2647 580 2733 umartiya
607 2667 690 2733 quae
719 2666 816 2710 voces
845 2645 895 2710 slr.
924 2647 1103 2714 dicerentur
1131 2648 1240 2732 subrta

138 2774 256 2834 svapva
287 2754 464 2840 sumartya)
493 2747 621 2837 proprie
647 2747 680 2814 id
709 2747 797 2836 quod
823 2758 1017 2816 sustentatur
1039 2753 1126 2840 quod
1148 2755 1240 2824 firmo

139 2852 347 2920 constitutum
369 2861 432 2916 cst:
455 2851 496 2918 cl.
517 2849 609 2937 Rigv.
633 2851 685 2928 62,
708 2851 728 2914 7
752 2849 908 2938 adalrayad
930 2855 1038 2922 rodasi
1058 2857 1166 2938 (rodas
1189 2883 1240 2926 an-

136 2955 258 3046 glosax.
286 2955 396 3040 rodor)
429 2964 461 3019 et
488 2949 618 3020 Mahab.
646 2951 678 3032 3,
706 2951 770 3017 168
797 2958 890 3042 tvayd
913 2959 1110 3048 samdairyate
1131 2961 1239 3048 lokalp.

137 3083 214 3126 arm.
237 3057 377 3141 handerd
406 3054 676 3146 praepositionem
704 3047 767 3116 σὺν
788 3056 904 3125 reddit:
933 3061 997 3129 hev
1018 3063 1157 3145 handeri
1180 3068 1239 3156 pri·

137 3161 232 3226 mitus
259 3185 317 3248 per
351 3171 384 3226 te
417 3165 614 3226 sustentatus
648 3160 757 3246 (tvayai
784 3163 953 3248 samdpta).
976 3179 1139 3256 practerea
1162 3195 1238 3239 vero

136 3274 271 3346 vestem,
298 3274 494 3353 apparatum,
526 3260 790 3348 magnificentiam
819 3266 958 3334 denotat.
990 3270 1054 3336 iam
1080 3273 1238 3342 neminem

135 3377 323 3457 negaturum
352 3366 478 3436 confido
505 3391 537 3456 p.
567 3363 684 3430 andarz
709 3363 793 3434 idem
820 3369 994 3459 significare
1022 3397 1118 3462 posse
1151 3381 1239 3467 quod

138 3469 178 3535 ab
202 3470 315 3534 eadem
336 3469 441 3536 radice
464 3470 584 3538 dictum
606 3474 654 3540 sk.
677 3475 786 3540 dorma
808 3473 856 3538 ius
886 3475 1085 3554 officiumet
1113 3483 1239 3552 andarz-

137 3573 317 3639 ddrdnsdldr
338 3573 398 3638 crit
419 3573 486 3639 dux
509 3599 621 3642 eorum
644 3577 698 3665 qui
721 3599 837 3644 munus
852 3578 1015 3670 publicum
1028 3581 1156 3669 habent,
1178 3612 1240 3656 rna·

136 3678 284 3767 gistratus
317 3699 493 3767 supremus.
527 3676 661 3746 aidrazdd
696 3680 787 3748 Esdr.
817 3683 848 3764 7,
875 3683 918 3752 23
960 3685 1128 3754 manifesto
1170 3715 1240 3756 ean-

138 3783 211 3848 dcrn
250 3779 404 3868 originem
461 3783 608 3868 agnoscit
661 3785 825 3875 participio
873 3786 984 3854 radicis
1034 3791 1240 3876 respondens.

137 3884 244 3950 linitur
265 3907 323 3973 per
345 3884 501 3974 syllabam
524 3886 564 3952 da
587 3887 660 3976 quia
683 3889 812 3956 sibilans
834 3888 915 3956 lenis
938 3915 955 3956 z
976 3890 1099 3958 literam
1111 3901 1240 3966 tenuem

137 3988 223 4052 iuxta
247 4011 282 4052 sc
305 4011 370 4054 non
393 3987 520 4077 patitur,
543 3989 625 4058 sicut
646 3992 743 4060 etiam
765 3991 862 4061 Gothi
885 4004 940 4060 aut
961 4003 992 4058 st
1014 3992 1165 4066 adhibent
1186 4016 1239 4072 aut

137 4089 186 4158 ud.
218 4088 306 4175 sique
334 4115 449 4158 vocem
478 4117 597 4162 novam
627 4096 684 4162 sed
712 4097 806 4183 plane
834 4119 1006 4182 congruam
1029 4103 1239 4192 etymologica
